2928 4874
694 334 858 432 Α

217 530 354 592 tonante
377 521 433 611 [sc.
457 522 587 590 comitia
609 521 721 607 populi
743 522 864 587 habere
886 519 990 608 nefas]
1014 519 1124 585 dicunt
1146 519 1231 585 enim
1254 520 1353 585 caelo

218 627 362 713 fulgente
383 630 524 692 tonante.
1130 669 1132 674 ,
1414 618 1418 631 ’

304 728 380 796 adn.
425 748 467 793 cr.
512 727 656 814 fulgente
700 734 732 794 ct
775 734 906 795 tonante
944 727 982 792 B.
1023 727 1128 793 iovem
1172 725 1353 812 fulgentem

218 837 385 899 tonantem
407 831 443 897 P.

304 935 345 1000 cf.
368 936 404 1002 R.
427 934 468 1001 U.
492 933 541 999 75.
578 933 615 999 B.
638 934 680 1000 Μ.
703 934 746 1019 II,
770 935 799 999 3.
818 931 966 999 tu'adn.
983 934 1055 998 276.
1093 931 1135 999 M.
1158 931 1194 996 R.
1218 931 1251 996 S.
1267 932 1294 1016 Ι,
1318 936 1352 997 4.

218 1057 284 1122 seq.
314 1076 356 1086 —
386 1037 540 1124 Supplevi
569 1037 631 1103 boc
660 1029 775 1123 fragm.
807 1056 847 1102 ex
876 1033 1112 1104 commentariis
1141 1034 1356 1117 auguralibus

218 1154 299 1226 quos
326 1141 439 1206 laudat
468 1140 581 1208 Cicero
612 1139 654 1206 de
684 1140 747 1206 div.
775 1139 824 1223 ΙΙ,
848 1140 897 1203 18.
925 1141 993 1203 42:
1030 1139 1150 1221 itaque·
1167 1137 1201 1201 in
1231 1137 1356 1202 nostris

219 1243 455 1311 commentariis
484 1244 637 1329 scriptum
666 1242 839 1329 babemus:
877 1241 975 1325 ‚Jove
1002 1243 1134 1307 tonante
1168 1239 1356 1325 fulgurante

219 1346 349 1413 comitia
370 1345 482 1431 populi
503 1345 623 1412 babere
650 1344 764 1412 nefas‘
808 1343 847 1410 cf.
877 1364 922 1410 or.
945 1341 1027 1408 Phil.
1050 1342 1087 1426 V,
1111 1344 1140 1406 3.
1165 1345 1199 1408 7..
1221 1343 1255 1407 in
1276 1343 1353 1407 Vat.

218 1450 303 1533 VIII,
319 1450 369 1515 20.
396 1434 481 1514 cto.
505 1448 546 1534 de
568 1447 837 1532 uiv.11,18.43.;
861 1447 912 1512 35.
930 1448 980 1509 74.
1023 1432 1117 1524 Quod
1139 1465 1214 1511 uero
1237 1445 1355 1511 Cicero

18 1594 21 1603 ι
133 1599 135 1603 >
218 1553 253 1616 in
283 1550 459 1616 Vatiniana
487 1549 572 1617 bunc
602 1569 704 1623 usum⁴
723 1549 767 1616 ad
781 1540 783 1545 ’
796 1549 1019 1633 antiquissima
1048 1546 1175 1614 Romuli
1205 1554 1356 1634 tempora

219 1655 316 1720 refert
337 1673 468 1741 prorsus
490 1659 576 1720 recte
598 1652 728 1720 iudicat.
771 1654 919 1736 Namque
941 1672 1006 1717 non
1034 1650 1136 1718 solum
1161 1671 1202 1721 ex
1223 1652 1356 1718 Romuli

177 1771 179 1776 ·
219 1757 416 1841 temporibus
438 1755 497 1822 sed
519 1742 616 1823 etiam
637 1777 676 1823 ex
690 1756 748 1822 illa
762 1762 868 1822 aetate
883 1753 1076 1840 repetendus
1093 1760 1141 1820 est
1155 1775 1219 1838 quo
1235 1754 1359 1823 Graeci

220 1865 252 1926 et
273 1859 346 1925 Itali
369 1859 541 1924 etiamtunc
564 1880 630 1925 una
649 1865 741 1926 erant
755 1858 841 1942 quod
855 1857 931 1924 inde
945 1858 1136 1943 perspicitur
1151 1857 1238 1940 quod
1253 1858 1357 1924 etiam

220 1961 308 2048 apud
330 1962 473 2028 Graecos
495 1962 613 2028 similia
634 1969 809 2049 praecepta
830 1963 863 2027 in
886 1979 946 2027 usu
968 1967 1060 2027 erant
1082 1959 1123 2026 de
1145 1980 1210 2044 qua
1230 1981 1265 2026 re
1287 1962 1357 2027 iam

130 2151 133 2156 λ
219 2064 430 2152 praefationis
453 2065 545 2132 initio
567 2065 763 2151 disputatum
786 2065 879 2148 est1).
915 2063 1080 2130 Pertinent
1102 2069 1209 2128 autern
1232 2064 1380 2145 fulmen„

127 2158 130 2161 ⁵
205 2174 318 2250 ,atque
339 2167 460 2234 tonitru
483 2169 525 2234 ad
547 2169 703 2236 caelestia
725 2167 862 2259 auguria
883 2179 967 2250 quae
993 2167 1195 2248 vocantur-²).
1240 2166 1359 2249 Neque
1415 2176 1424 2183 '

220 2257 329 2337 tamen
351 2276 388 2337 ut
407 2278 494 2338 recte
523 2271 962 2358 perspexit.Momm'senus³)
990 2269 1093 2335 solum
1120 2268 1245 2359 fulgur·
1258 2274 1359 2352 atque

220 2374 339 2441 tonitru
359 2374 444 2441 inter
462 2375 617 2442 caelestia
632 2374 769 2462 auguria
783 2373 1041 2454 numerabantur,
1065 2370 1123 2437 sed
1139 2370 1237 2436 etiam
1251 2364 1361 2437 imber

221 2483 253 2543 et
287 2476 449 2562 grantae)
484 2464 544 2545 eto.
595 2478 758 2545 (laelestIa
792 2475 928 2561 auguria
965 2477 1006 2541 ab
1043 2466 1220 2567 auguribus
1256 2474 1360 2562 etiam

221 2580 364 2646 maxima
393 2580 685 2666 appellabanturl).
737 2580 886 2663 Denique
922 2598 1073 2645 enumero
1108 2577 1197 2644 locos
1232 2570 1362 2659 aliquot

222 2684 336 2767 quibus
359 2683 428 2749 eius
451 2683 538 2750 modi
559 2684 713 2769 auspiciis
737 2683 867 2750 comitia
881 2681 1010 2747 turbata
1025 2700 1097 2747 esse
1113 2681 1359 2765 comprobatur:

221 2785 291 2852 Liv.
314 2782 494 2869 XXX‚'39.
539 2786 609 2869 XL,
632 2788 683 2850 42.
729 2786 852 2869 XXIII,
874 2783 925 2849 31.
951 2783 1005 2867 (of.
1028 2783 1111 2848 Plut.
1135 2783 1232 2848 Marc.
1251 2784 1300 2848 12.
1326 2788 1363 2849 et
1462 2863 1463 2868 ἵ

221 2889 259 2953 a.
275 2887 315 2954 u,
339 2887 700 2972 praecursu,
723 2909 754 2972 p.
772 2888 801 2954 5.
825 2884 1255 2972 adn.4.)Val.Mar.V111‚
1277 2886 1309 2949 r.
1326 2888 1360 2949 4.

103 2985 104 2989 ’
223 2990 331 3071 (aliter
360 2990 425 3056 Cic.
455 2988 497 3056 de
526 2997 592 3057 nat.
623 2990 709 3057 deor.
733 2991 781 3076 II,
805 2991 834 3056 3.
864 2989 908 3074 7.)
953 2988 1060 3066 Etiam
1089 2989 1197 3074 plures
1226 2987 1364 3074 collegit

221 3094 258 3158 B.
282 3093 325 3158 M.
347 3091 394 3176 Π,
418 3093 448 3157 6.
472 3093 545 3159 114.
570 3093 644 3160 adn.
667 3094 741 3159 455.
1103 3164 1105 3168 ,

306 3194 438 3280 Fragm.
448 3197 589 3262 XXV=
601 3196 688 3263 Fest.
699 3198 798 3262 333²:
814 3197 941 3278 spectio
957 3194 1086 3279 ponitur
1100 3194 1135 3260 in
1146 3192 1363 3279 auguralibus

223 3318 283 3383 pro
305 3297 493 3383 aspectione
514 3306 547 3393 et
568 3299 726 3366 nuntiatio
749 3299 826 3382 quia
848 3316 943 3364 omne
965 3298 1016 3364 ius
1045 3317 1208 3364 sacrorum
1236 3296 1382 3364 babent'

198 3400 399 3486 ¹auguribus
429 3403 551 3487 spectio
576 3402 750 3468 'dumtaxat
781 3421 914 3485 quorum
945 3399 1079 3466 oonsilio
1107 3421 1175 3467 rem
1208 3407 1365 3485 gererent
1394 3456 1400 3463 .

223 3503 431 3589 magistratus
454 3525 519 3570 non
541 3511 577 3570 ut
597 3498 731 3590 possent
751 3504 909 3590 impedire
937 3503 1115 3570 nuntiando
1145 3522 1365 3586 quaecunque
1462 3525 1463 3528 ’

92 3636 95 3639 ·
136 3634 139 3639 ⁴
223 3604 383 3673 vidissent
404 3606 484 3674 satis
507 3607 629 3693 spectio
652 3609 723 3681 sine
745 3608 945 3674 nuntiatione
967 3605 1045 3673 data
1075 3613 1123 3673 est
1153 3612 1187 3671 ut
1211 3606 1275 3692 ipsi
1286 3648 1292 3681 :
1303 3625 1365 3673 au-

224 3707 326 3794 spicio
347 3727 414 3776 rem
437 3718 586 3797 gererent
607 3732 673 3778 non
694 3718 730 3778 ut
751 3711 832 3778 alios
855 3709 1049 3796 impedirent
1071 3708 1259 3777 nuntiando.

293 3967 324 4033 1)
342 3966 373 4021 cf.
394 3970 536 4036 praeterea
554 3968 585 4025 R.
605 3968 638 4024 U.
657 3969 699 4023 ts.
719 3967 779 4023 adn.
799 3969 822 4021 1.
841 3996 875 4006 -
892 3967 918 4034 2)
936 3966 1011 4021 Paul.
1030 3965 1071 4019 64.
1096 3994 1130 4004 -
1154 3966 1180 4033 3)
1198 3966 1230 4019 R.
1248 3964 1275 4020 S.
1294 3966 1317 4031 I,
1340 3970 1372 4036 4,

226 4051 287 4108 adn.
305 4053 330 4108 3.
348 4082 383 4094 ·-
400 4052 426 4121 4)
444 4054 477 4108 cf.
497 4055 569 4110 Serv.
588 4055 654 4120 VII,
672 4054 731 4109 141.
750 4052 782 4107 cl.
801 4050 854 4118 IX,
872 4051 930 4106 660.
950 4082 983 4091 -
1002 4051 1027 4120 6)
1046 4050 1118 4106 Serv.
1137 4050 1172 4118 II,
1190 4051 1247 4106 693.
1284 4050 1370 4111 Cass.

228 4139 262 4192 D.
280 4137 438 4205 XXXVIII,
456 4141 496 4195 13.
652 4150 657 4157 ‘
