2928 4874
1392 2 1459 518 l

182 491 358 559 secundum
379 490 460 575 legis
482 493 629 557 vetustae
651 510 733 575 quae
755 491 788 556 in
807 491 1036 578 provocatione
1050 488 1230 556 Horatiana
1251 508 1314 556 usu
1448 534 1460 565 ⁴

182 594 332 661 veniebat
353 593 539 660 formulam:
570 594 746 679 ‚verberato
769 595 820 662 vel
842 595 928 660 intra
949 593 1127 682 pomerium
1148 592 1199 657 vel
1221 596 1316 659 extra

180 696 376 784 pomerium‘.
422 695 490 761 Liv.
513 695 539 781 I,
562 698 613 762 26.

266 851 307 917 ΙΙ.
330 851 529 936 Fragmenta
549 818 848 918 commentariorum
871 856 903 917 et
925 849 1134 918 decretorum.

308 979 347 1044 A.
371 976 590 1045 commentarii
611 979 795 1064 augurales.

265 1107 395 1192 Fragm.
417 1106 433 1170 Ι
456 1138 496 1161 =
519 1104 586 1172 Cic.
610 1105 650 1172 de
672 1105 736 1173 div.
759 1108 801 1193 ΙΙ,
825 1109 875 1175 18.
897 1108 966 1174 42.ε
997 1107 1111 1191 ltaque
1132 1106 1166 1174 in
1189 1108 1312 1175 nostris
1447 1134 1452 1143 ·

179 1210 416 1279 commentariis
438 1208 590 1295 scriptum
612 1207 769 1277 habemus

266 1319 353 1395 ‚love
373 1318 508 1379 maante
528 1314 721 1395 fulgurante
743 1316 877 1381 comitia
898 1316 1016 1396 populi
1044 1314 1166 1381 babere
1196 1316 1313 1382 nefus‘.

266 1415 341 1483 adn.
367 1436 427 1482 cr.:
450 1420 583 1482 tonante
605 1422 637 1482 et
658 1414 775 1502 fulgur.
799 1417 839 1482 H.
861 1416 975 1483 haberi
996 1416 1128 1502 Erlang.

267 1520 318 1586 De
341 1517 454 1586 eodem
476 1523 649 1605 praecepto
671 1519 735 1585 iam
757 1540 857 1607 supra
882 1540 957 1605 pag.
985 1521 1037 1585 38.
1067 1519 1100 1585 in
1129 1517 1316 1605 fragmento

180 1622 287 1690 XXIV
315 1621 468 1690 librorum
497 1620 698 1706 auguralium
727 1621 919 1710 explicando
948 1620 1145 1707 disputatum
1179 1627 1238 1689 est.
1268 1659 1314 1670 —-

181 1726 216 1791 Si
244 1724 429 1792 Ciceronem
457 1723 675 1790 verbotenus
703 1729 871 1809 utrumque
899 1724 1112 1809 fragmentum
1139 1722 1317 1811 protulisse

181 1847 371 1914 persuasum
401 1826 572 1913 habemus,
601 1832 712 1893 nostra
740 1827 901 1894 sententia
931 1847 1027 1911 quam
1056 1827 1098 1892 de
1127 1825 1317 1893 discrimine

180 1932 264 1996 inter
284 1930 384 1996 libros
406 1936 438 1995 et
461 1928 705 1995 commentarios
726 1929 943 1997 intercedente
964 1950 1041 2016 pag.
1058 1930 1100 1993 14
1118 1929 1316 2014 aperuimus,

183 2033 299 2100 mirum
321 2033 355 2097 in
377 2031 508 2098 modum
531 2032 735 2098 confirmatur
756 2038 852 2115 atque
874 2039 1079 2099 sustentatur.

239 2140 244 2151 “
271 2134 400 2219 Fragm.
422 2135 454 2200 ΙΙ
469 2167 510 2189 =
526 2134 611 2201 Fest.
634 2134 732 2201 317b:
756 2135 921 2219 sanqualis
936 2136 1006 2202 avis
1021 2133 1214 2223 alppellatur
1228 2152 1320 2216 quae

180 2241 214 2305 in
252 2236 504 2325 comlmentariis
540 2234 760 2323 augurallibus
797 2236 972 2325 ossifra]ga
1008 2236 1124 2304 dicitur
1160 2235 1236 2319 quia
1276 2236 1318 2301 in

182 2341 296 2430 [Sangi
320 2339 384 2428 dei]
406 2340 506 2407 tutela
529 2344 587 2405 est.

266 2444 340 2510 Non
363 2442 474 2509 dubito
497 2443 573 2525 quin
595 2448 680 2509 recte
695 2443 833 2510 Ursinus
855 2442 1051 2529 suppleverit
1072 2461 1113 2508 ex
1132 2442 1221 2509 Paul.
1237 2443 1318 2510 316.

181 2547 288 2613 Etiam
310 2546 372 2612 hoc
394 2545 575 2635 fragmento
598 2543 770 2611 discrimen
793 2544 879 2630 quod
904 2543 1073 2612 intercedit
1101 2544 1184 2611 inter
1210 2544 1318 2611 libros

182 2656 214 2717 et
235 2647 481 2716 commentarios
503 2645 599 2713 valde
621 2645 833 2712 confirmatur.
877 2648 964 2713 Nam
990 2647 1177 2732 ‚sanqualis‘
1204 2648 1319 2734 appel-

181 2752 260 2820 latio
284 2749 360 2834 quin
382 2749 529 2823 inlibris
552 2748 759 2834 auguralibus
780 2750 875 2817 fuerit
897 2770 937 2816 ex
959 2750 1006 2815 eis
1021 2749 1213 2815 testimoniis
1228 2768 1320 2832 quae

182 2855 216 2921 in
239 2856 342 2921 altera
362 2851 522 2938 particula
547 2851 641 2917 huius
671 2851 771 2919 libelli
801 2859 892 2918 erunt
919 2851 1115 2938 proferenda
1143 2851 1319 2938 (imprimis

184 2978 224 3024 ex
245 2955 344 3042 Appii
365 2954 456 3021 libris
478 2952 567 3039 apud
588 2954 719 3021 Festum
744 2956 804 3020 197
827 2974 852 3020 s.
869 2976 898 3020 v.
923 2955 1062 3040 oscines)
1086 2953 1216 3021 dubium
1239 2973 1319 3021 esse

183 3079 248 3125 non
270 3063 384 3143 potest.
422 3055 650 3123 commentarii
672 3064 778 3124 autem
801 3057 848 3124 eis
871 3057 993 3123 scilicet
1015 3056 1210 3143 temporibus
1230 3074 1320 3122 com-

126 3207 130 3214 ·
182 3160 280 3248 positi
315 3158 432 3242 quibus
467 3178 551 3242 quae
588 3179 628 3227 ea
663 3160 733 3226 avis
769 3165 855 3227 esset
888 3180 953 3226 non
990 3159 1128 3244 amplius
1164 3163 1321 3225 accurate

183 3262 317 3329 sciretur
354 3263 543 3344 sanqualem
579 3284 672 3330 auem
705 3263 842 3329 eandem
879 3281 951 3329 esse
987 3268 1083 3345 atque
1120 3260 1319 3345 ossifragam

182 3364 382 3449 interpretati
404 3370 479 3430 sunt
500 3364 541 3431 cf.
565 3365 645 3430 Plin.
668 3365 708 3430 N.
731 3365 771 3430 H.
795 3366 836 3450 X,
862 3369 889 3429 7.
913 3365 964 3430 20.

269 3465 398 3551 Fragm.
415 3467 464 3532 III
486 3498 527 3521 =
551 3465 618 3533 Cic.
642 3467 683 3533 de
705 3467 768 3535 div.
791 3469 833 3553 ΙΙ,
857 3469 908 3534 36.
932 3470 999 3532 77.‘:
1033 3465 1117 3531 Huic
1139 3464 1241 3531 simile
1264 3473 1320 3532 est

185 3567 271 3653 quod
292 3589 353 3636 nos
376 3587 514 3653 augures
535 3555 751 3656 praecipimus
772 3590 814 3636 ne
835 3570 928 3655 iuges
957 3568 1136 3657 auspicium
1163 3568 1321 3636 obveniat

184 3678 219 3737 ut
240 3672 382 3737 iumenta
403 3672 536 3738 iubeant
558 3671 744 3757 diiungere‘.
789 3672 830 3737 cf.
853 3672 891 3738 fr.
914 3673 1003 3759 XIX,
1027 3693 1057 3757 p.
1081 3673 1132 3737 36.

270 3774 357 3839 Fieri
379 3773 466 3840 nullo
488 3773 584 3840 modo
607 3781 713 3861 potest
735 3781 770 3839 ut
790 3773 852 3842 hoc
874 3782 1081 3862 praeceptum
1107 3775 1199 3843 libris
1228 3775 1321 3841 atur·-
1456 3752 1458 3807 ss

185 3878 321 3943 buamus
350 3875 409 3943 sed
434 3877 540 3962 potius
570 3878 599 3943 si
628 3876 704 3959 quid
733 3876 828 3943 video
859 3897 897 3944 eo
926 3884 1068 3963 tempore
1105 3884 1209 3945 ortum
1243 3896 1323 3946 esse

186 3978 283 4045 debet
311 3999 373 4063 quo
402 3979 468 4046 iam
497 3980 670 4066 auguribus
696 3980 777 4065 ipsis
806 3979 907 4045 nimia
936 3979 1127 4066 disciplinae
1161 3980 1322 4065 ambages

101 4101 105 4106 ·
186 4082 294 4150 taedio
317 4102 390 4150 esse
411 4084 525 4168 coepit.
565 4084 677 4165 ltaque
697 4103 764 4148 non
786 4081 898 4149 dubito
919 4081 981 4150 hoc
1003 4089 1209 4171 praeceptum
1234 4102 1323 4149 oom-
