2928 4874
650 340 690 403 29
764 356 765 359 ’

5 534 7 563 ¹
104 525 275 612 probabile
305 528 347 594 fit.
392 526 485 615 Apud
509 528 646 594 Gellium
675 529 758 594 enim
788 525 873 612 regis
903 531 959 592 aut
986 522 1148 591 flaminum
1177 523 1231 612 (ac

104 629 172 696 fine
202 630 299 698 dubio
330 631 424 697 etiam
459 632 651 714 reliquorum
686 630 902 714 sacerdotum)
939 628 1231 715 inaugurandorum

106 752 211 798 causa
241 754 298 820 pro
328 735 464 821 collegio
494 735 676 820 pontificum
707 736 813 801 calata
850 733 978 799 comitia
1012 732 1123 798 habita
1160 752 1231 799 esse

104 836 252 903 traditur.
304 837 419 905 Calata
448 842 553 903 autem
583 839 711 905 comitia
738 839 771 904 in
800 837 956 922 Capitolio
993 835 1094 901 luisse
1127 835 1232 901 ferun-

105 944 161 1004 tur
171 941 206 1031 ἒ).
250 942 363 1024 Itaque
385 941 419 1006 ni
448 927 579 1028 egregie
608 941 702 1007 fallor
730 940 912 1008 sacerdotes
942 940 975 1004 in
998 938 1157 1025 Capitolio
1186 939 1231 1003 in-

106 1044 352 1127 augurabantnr
381 1044 420 1110 cf.
443 1043 479 1109 L.
503 1043 539 1109 L.
563 1045 601 1109 H.
625 1044 654 1124 Ι,
685 1046 756 1110 343.
808 1043 887 1111 Orta
917 1050 1021 1110 autern
1052 1049 1101 1108 est
1129 1041 1229 1124 Marq.

5 1212 7 1235 Ι
105 1146 218 1232 opinio
241 1167 281 1213 ex
301 1147 373 1214 loco
395 1147 594 1215 Varroniano
616 1167 711 1230 quem
734 1145 816 1213 falso
839 1146 1063 1233 interpretatus
1086 1151 1148 1211 est:
1177 1144 1230 1231 ‚de

5 1256 7 1339 ξ
108 1249 145 1313 L.
169 1248 205 1314 L.
228 1249 265 1336 V,
288 1253 346 1315 47:
370 1250 566 1335 (sacraria)
588 1269 646 1337 per
668 1270 763 1333 quam
786 1268 922 1336 augures
945 1269 985 1314 ex
1007 1269 1081 1316 aree
1095 1249 1231 1334 profecti

5 1346 7 1411 ἶ
107 1353 213 1418 solent
234 1353 447 1440 inauguraret
491 1353 629 1419 Verbum
658 1354 742 1419 enim
772 1352 986 1438 inaugurandi
1014 1351 1065 1417 hic
1093 1373 1158 1418 non
1189 1352 1232 1418 ad

5 1462 7 1481 '
106 1454 293 1522 sacerdotes
316 1455 555 1547 inaugurandos
578 1457 715 1541 pertinet
736 1455 794 1522 sed
815 1456 910 1521 latius
932 1460 1021 1542 patet
1035 1461 1131 1538 atque
1145 1454 1231 1520 idern

5 1594 6 1597 =
106 1557 176 1645 fere
204 1558 363 1645 significat
391 1566 486 1643 atque
516 1559 694 1645 ,augurium
723 1561 830 1646 agere‘
859 1579 946 1644 ,aves
977 1560 1152 1625 consulere‘
1190 1557 1229 1624 cf.

5 1734 7 1737 ,
106 1659 177 1726 Liv.
200 1662 226 1746 Ι,
249 1663 299 1727 36.
323 1669 354 1729 et
368 1664 470 1729 Plaut.
493 1663 548 1729 As.
571 1664 613 1747 II,
638 1664 665 1729 1.
691 1664 740 1728 la.
777 1662 957 1729 Edocemur
979 1682 1056 1748 ergo
1078 1660 1229 1728 hocloco

5 1838 7 1845 ,
105 1763 308 1833 Varroniano
338 1785 475 1851 augures
504 1771 675 1848 antequam
703 1765 746 1831 ad
776 1766 911 1852 auguria
937 1760 1066 1851 agenda
1092 1763 1232 1851 proficis

5 1860 7 1943 Ῐ
106 1872 256 1933 cerentur
283 1869 471 1934 convenisse
493 1868 526 1933 in
549 1888 655 1935 arcem
677 1870 732 1935 ubi
759 1877 827 1936 erat
856 1868 1085 1955 auguraculum
1115 1867 1232 1933 deinde
1261 1951 1265 1958 Α

106 1969 271 2054 proiectos
293 1991 351 2056 per
373 1991 497 2038 sacram
525 1971 611 2036 viam
640 1971 683 2037 ad
712 1972 819 2039 officia
849 1973 1037 2058 perrexisse.
1061 1971 1231 2038 -Unum

103 2079 230 2139 tantum
251 2073 465 2163 fragmentum
486 2082 632 2160 superest
660 2074 746 2158 quod
776 2075 838 2141 nisi
867 2075 960 2142 fallor
991 2074 1034 2141 ad
1063 2075 1231 2160 inaugura-

5 2212 7 2227 ι
103 2176 228 2242 tionem
249 2177 409 2262 virginum
431 2178 608 2243 Vestalium
630 2178 810 2265 pertinet2).
854 2179 913 2244 Est
935 2178 1022 2265 apud
1044 2179 1228 2245 Varronem.

95 2350 99 2357 ,
194 2280 322 2366 Fragm.
345 2280 422 2346 XIV
444 2313 484 2335 =
506 2282 607 2348 Varro
631 2281 661 2347 d.
685 2282 721 2346 L.
744 2280 780 2347 L.
803 2282 880 2366 Vll,
910 2285 965 2346 64:
994 2282 1041 2348 sic
1064 2301 1230 2350 conserere

105 2383 397 2455 manumdicimur
418 2404 490 2450 cum
512 2384 618 2474 hoste,
649 2385 696 2450 sic
725 2405 764 2450 ex
794 2384 862 2450 iure
893 2403 1022 2450 manum
1051 2391 1231 2451 consertum

104 2506 238 2572 uocare,
267 2486 342 2553 hino
365 2487 514 2553 adserere
536 2488 687 2553 manain
709 2488 888 2555 libertatern
910 2509 1005 2573 quom
1034 2488 1230 2575 prendimus,

105 2590 157 2657 sic
185 2610 324 2674 augures
355 2589 480 2656 dicunt:
511 2596 546 2659 si
567 2595 650 2658 milri
678 2598 794 2660 auctor
824 2611 859 2659 es
886 2596 974 2660 verbi
1005 2645 1012 2660 .
1041 2643 1048 2658 .
1078 2642 1085 2657 .
1117 2642 1124 2657 .
1156 2613 1231 2658 nam

5 2732 7 2777 ss
105 2713 208 2758 manu
223 2692 372 2760 adserere
395 2693 502 2759 dicit.
527 2745 534 2760 .
558 2745 565 2759 .
590 2697 609 2760 .‘
631 2695 729 2762 Recte
751 2696 815 2762 iam
830 2696 1001 2762 Muellerus
1020 2697 1184 2783 perspexit
1197 2695 1231 2761 in

5 2780 7 2825 t
64 2874 70 2889 ‚
105 2796 247 2863 formula
281 2797 337 2863 illa
368 2798 514 2883 augurali
545 2798 585 2864 de
614 2819 711 2864 manu
749 2795 923 2866 assererido
953 2799 1075 2882 aliquid
1112 2799 1231 2866 dictum

5 2930 7 2973 .
106 2899 221 2966 luisse.
257 2901 403 2982 Namque
427 2921 499 2967 cunr
522 2907 617 2967 antea
639 2903 704 2967 iarn
728 2904 767 2968 de
790 2924 884 2969 manu
905 2903 1078 2970 asserendo
1094 2902 1233 2987 disputa-

5 3022 7 3043 *
106 3010 176 3070 turn
197 3003 253 3089 sit,
284 3003 397 3070 eadem
421 3004 593 3091 disputatio
615 3004 678 3072 hac
700 3006 836 3073 formula
865 3007 991 3092 prolata
1020 3007 1231 3072 continuatur.
1256 3066 1260 3074 .

5 3136 7 3175 ι
106 3107 146 3171 In
177 3106 324 3191 augurali
353 3114 459 3173 autem
489 3108 661 3194 disciplina
689 3109 824 3176 assertio
852 3108 981 3195 proprie
1011 3129 1076 3174 non
1104 3108 1166 3175 nisi
1197 3108 1232 3172 in

105 3209 354 3294 inauguratione
375 3200 534 3298 uirginum
556 3211 732 3292 Vestalium
755 3232 814 3278 usu
836 3213 924 3278 venit
945 3232 1028 3296 quae
1057 3212 1232 3283 seeundum

105 3310 282 3397 Gaurana
306 3334 402 3380 manu
424 3315 583 3400 pontificis
606 3315 745 3382 maximi·
759 3316 975 3401 capiebantur.

196 3415 289 3494 Quod
312 3425 419 3515 autem
440 3418 541 3502 Marq.
565 3418 641 3504 (IV,
665 3419 754 3505 281.)
777 3419 924 3505 opinatur
946 3419 1126 3504 captionem
1149 3437 1233 3500 quae

62 3696 69 3703 ,
176 3642 202 3710 1)
218 3640 287 3695 idern
305 3642 424 3710 pontifex
441 3644 526 3697 calata
543 3658 579 3698 ce.
597 3648 690 3697 vocata
706 3643 734 3697 in
752 3643 913 3714 Capitolium
929 3643 1007 3712 plebe
1033 3641 1107 3696 iuxta
1131 3643 1232 3696 ouumm

75 3720 249 3783 'Uelabrum
266 3728 376 3799 (Maon).
388 3760 421 3768 —
432 3731 458 3797 2]
470 3729 569 3783 Theod.
583 3728 715 3798 Bergkius
727 3728 755 3782 in
767 3728 820 3782 ind.
834 3730 916 3784 schol.
930 3734 994 3784 aest.
1007 3728 1067 3782 Hal.
1080 3727 1154 3781 1863.
1167 3743 1193 3796 p.
1207 3728 1230 3780 4.

101 3812 254 3870 seeundum
266 3814 321 3868 Lir.
334 3815 355 3880 1,
366 3815 408 3869 24.
426 3821 524 3870 temere
536 3815 607 3869 hunc
618 3815 703 3870 locum
716 3816 754 3870 sic
766 3815 899 3884 supplevit
910 3815 941 3880 ‚si
953 3814 1017 3868 mihi
1029 3818 1162 3869 auctores
1174 3829 1231 3868 rer·

99 3901 203 3954 benam
214 3914 295 3952 manu
312 3906 450 3955 asserere‘.
479 3900 573 3955 Refert
585 3901 654 3956 enim
666 3902 737 3955 hunc
749 3902 836 3955 locum
848 3917 903 3955 non
915 3906 968 3955 tam
980 3900 1014 3954 ad
1026 3915 1141 3968 augures
1153 3915 1232 3968 quam

101 3987 138 4042 ad
150 3984 257 4040 fetiales
269 3986 365 4052 quibus
383 4002 431 4041 suo
449 3987 536 4043 Marte
553 3987 581 4041 in
599 4002 730 4056 augurum
746 3988 835 4054 libris,
858 3990 1001 4056 praecepta
1018 3986 1155 4056 proposita
1173 3999 1232 4039 esse

101 4072 240 4125 coniectat
251 4086 320 4136 ,nam
332 4071 455 4127 videntur
465 4089 595 4141 augurum
606 4073 668 4127 libri
679 4074 758 4128 etiam
770 4074 824 4129 alia
833 4088 900 4142 quae
912 4088 966 4127 non
979 4071 1013 4126 ad
1020 4072 1139 4140 ipsorum
1148 4085 1230 4138 augu-

100 4175 166 4214 rum
185 4156 274 4212 officia
290 4158 459 4226 pertinebant
476 4158 725 4228 comprehendisse.
739 4189 770 4198 -
783 4160 808 4227 3)
821 4160 842 4225 Ι,
860 4159 900 4213 12.
919 4159 951 4212 cf.
967 4145 998 4212 L.
1012 4158 1042 4212 L.
1055 4158 1088 4212 ll.
1101 4158 1122 4222 I,
1135 4158 1191 4211 115.
1209 4173 1230 4212 s.
