2928 4874
709 295 872 394 ..ἐξ

271 487 273 493 ’
313 471 316 478 ’
398 485 566 550 Resartum
593 502 718 561 summa
737 505 818 552 cum
852 484 1077 573 probabilitate
1113 504 1153 549 ox
1181 483 1281 553 Paulo
1319 489 1353 550 et

440 586 586 665 Charisio
607 587 649 672 ΙΙ,
675 588 746 652 196.
768 589 803 655 Ρ.

317 694 397 759 Puto
420 696 527 756 autem
548 698 753 777 praeceptum
775 693 840 759 tale
861 693 961 760 fulsse
983 693 1016 758 iu
1037 694 1145 778 legum
1166 692 1305 759 dictione
1320 697 1358 757 ut

235 819 336 886 augur
359 794 473 863 eadem
496 814 567 860 cum
591 794 757 880 diligentia
779 817 876 880 quam
897 797 993 865 modo
1016 796 1217 863 laudavimus
1229 800 1272 863 'ea
1285 802 1357 862 tan-

231 911 298 969 tum
319 902 415 987 signa
437 904 470 964 at
492 918 526 965 se
548 899 707 984 pertinere
729 900 825 967 vellet
846 920 930 984 quae
951 921 1041 987 ,sane
1064 906 1212 984 sarteque
1242 900 1358 967 audire

230 1005 412 1089 videreque‘
433 1007 557 1088 posset,
586 1000 620 1067 id
643 1007 691 1067 θεῖ
713 1023 752 1070 ea
774 1004 807 1070 in
834 1006 948 1088 quibus
976 1005 1065 1070 nulla
1095 1004 1250 1070 dubitatio
1281 1023 1357 1071 esse

231 1115 336 1197 potest
357 1106 435 1191 quin
456 1125 569 1187 revera
591 1112 646 1171 aut
666 1106 783 1174 viderit
804 1115 859 1174 aut
874 1107 1010 1174 audierit
1019 1107 1053 1195 1).
1090 1110 1241 1174 Fortasse
1256 1107 1357 1173 etiam

231 1213 274 1279 ad
295 1213 402 1297 legum
425 1209 598 1276 dictionem
620 1210 757 1295 pertinet
772 1205 1061 1296 'dnoraccpoiuoo
1083 1209 1251 1295 quoddam
1266 1210 1356 1295 quod

232 1317 348 1403 legitur
369 1313 458 1401 apud
1204 1322 1206 1327 ’

316 1420 445 1504 Fragm.
468 1417 548 1482 XIII
570 1449 609 1472 =
633 1419 710 1485 Fest
731 1420 803 1484 290.
819 1421 959 1504 sonllvio
975 1418 1135 1504 siguificat
1150 1418 1183 1484 in
1200 1418 1359 1508 car[mine

231 1523 347 1613 Saliari
370 1528 401 1590 θῖ
421 1519 590 1609 Alugurali
612 1522 748 1589 sonanti.
831 1572 848 1584 .

317 1618 430 1693 Utium
453 1624 590 1710 ‚Saliari
613 1631 697 1691 recte
720 1626 856 1692 Ursinus
887 1628 1082 1714 suppleverit
1110 1647 1180 1693 cum
1203 1627 1358 1694 Muellero

231 1731 379 1796 dubitare
400 1729 484 1795 licet.
521 1728 571 1795 De
593 1730 813 1815 supplemento
836 1731 1002 1816 ‚augurali‘
1026 1731 1180 1797 dubitatio
1202 1750 1357 1800 essenon
1423 1794 1432 1800 ,

232 1840 345 1919 potest.
382 1833 532 1898 Attamen
555 1851 595 1897 ex
618 1833 801 1899 coniectura
819 1840 943 1899 tantum
959 1835 1020 1902 hue
1035 1835 1235 1920 potissimum
1250 1836 1357 1903 refero

231 1957 335 2020 neque
357 1935 512 2018 obloquor
534 1935 561 2000 si
584 1934 656 2017 quis
677 1935 759 2002 forte
781 1937 871 2002 malit
893 1936 936 2002 ad
958 1936 1174 2022 precationem
1204 1944 1259 2003 aut
1289 1939 1356 2015 alic

234 2061 296 2124 quc
318 2039 447 2105 referre.
483 2037 631 2120 Denique
643 2039 729 2123 regis
745 2039 918 2107 declaratio
934 2062 955 2105 a
970 2040 1062 2106 Livio
1079 2049 1355 2112 commemoratur.

231 2147 378 2227 Namque
412 2162 482 2208 cum
514 2140 602 2206 dicat
624 2141 748 2231 ,quibus
770 2143 876 2210 missis
899 2143 1081 2209 declaratus
1105 2142 1145 2209 de
1166 2145 1285 2232 templo
1301 2148 1358 2214 de-

231 2246 364 2314 scendit‘
386 2244 580 2331 intellegitur
602 2243 849 2312 declarationem
872 2247 978 2313 verbis
1008 2247 1199 2330 quibusdam
1230 2250 1358 2317 sollem-

230 2354 324 2419 nibus
353 2348 592 2436 pronuntiatam
621 2348 735 2434 fuissc3
766 2351 883 2416 etenim
912 2351 975 2417 nisi
1003 2351 1110 2416 uerbis
1139 2350 1372 2439 sollemnibus

231 2455 406 2524 declaratio
429 2454 517 2520 saeta
538 2458 632 2545 esset,
655 2474 718 2519 vcx
740 2452 943 2539 ,declaratus‘
966 2453 1054 2539 apud
1076 2454 1201 2519 Livium
1224 2476 1358 2541 prorsus

231 2559 393 2648 superflua
415 2563 501 2624 esset
528 2576 597 2622 eum
614 2557 723 2642 verba,
746 2557 861 2641 quibus
876 2557 1040 2624 mIssisde
1054 2559 1171 2643 templo
1188 2558 1358 2628 descendit

231 2666 301 2732 sola
322 2665 387 2729 iam
410 2659 643 2727 satisfacerent.
689 2659 782 2738 Quod
804 2661 832 2726 si
853 2680 1042 2745 persuasum
1072 2661 1226 2728 habemus
1256 2662 1356 2730 etiam

229 2765 308 2833 illud
330 2766 363 2831 in
383 2763 554 2849 propatulo
576 2768 626 2829 est
647 2763 724 2849 quid
741 2763 781 2828 de
796 2764 1029 2830 renuntiatione
1044 2764 1129 2850 regis
1144 2765 1354 2834 iudicandum

230 2872 280 2937 sit.
331 2867 457 2959 Etenim
495 2885 566 2931 cum
601 2866 634 2930 in
673 2866 833 2933 creatione
866 2868 953 2954 regis
989 2868 1244 2934 renuntiationis.
1270 2889 1358 2953 quae
1411 2866 1415 2871 ’

229 2975 305 3058 quin
328 2971 396 3037 fieri
417 2969 513 3036 solita
534 2969 576 3036 sit
603 2967 731 3035 dubium
762 2988 833 3037 esse
862 2992 926 3038 non
955 2976 1074 3058 potest,
1106 2971 1194 3036 nulla
1223 2973 1356 3042 omniuo

232 3075 350 3142 mentio
372 3073 428 3140 fiat
449 3072 591 3156 sequitur
612 3077 646 3137 ut
667 3072 731 3140 nisi
752 3075 1016 3141 renuntiationem
1035 3094 1166 3160 prorsus
1187 3097 1208 3140 a
1222 3076 1357 3161 scripto-

160 3223 170 3233 -
230 3181 318 3259 ribus
334 3177 486 3245 omissam
501 3196 574 3243 esse
589 3181 766 3242 statuamus
781 3178 1047 3264 renuntiationem
1058 3184 1090 3243 et
1101 3176 1369 3247 declarationem*

228 3284 313 3350 idem
336 3280 517 3366 significare
539 3279 762 3348 concedamus.
808 3279 901 3358 Quod
930 3282 959 3347 si
985 3300 1094 3347 verum
1125 3288 1174 3348 est
1203 3302 1244 3348 ne
1274 3282 1357 3350 illud

229 3386 357 3471 quidem
381 3383 498 3450 diutius
521 3383 620 3449 latere
642 3383 756 3467 poterit
778 3403 871 3467 quem
894 3391 925 3451 et
945 3384 1183 3469 inaugurationi
1202 3391 1234 3450 et
1249 3385 1358 3453 deela-

229 3490 345 3556 raticni
374 3487 460 3573 regis
489 3487 668 3572 praefuisse
696 3507 884 3554 censeamus
916 3486 988 3554 dico
1017 3488 1208 3573 interregem
1236 3508 1257 3554 a
1289 3509 1358 3571 quo

230 3594 356 3659 domum
378 3595 451 3676 post
471 3590 737 3656 renuntiationem
758 3591 826 3658 sive
846 3590 1094 3657 declarationem
1110 3595 1177 3657 tota
1192 3592 1358 3660 creatione

231 3696 374 3782 perlecta
395 3693 541 3778 auspicia
564 3693 606 3758 ad
626 3713 742 3760 novum
766 3715 872 3780 regem
895 3693 1062 3761 transiisse
1081 3694 1254 3779 cogitanda
1269 3704 1356 3763 sunt.

314 3796 380 3865 Sed
416 3817 457 3863 ne
489 3797 677 3863 Mommseni
714 3798 903 3864 sententiam
940 3799 981 3863 de
1017 3818 1093 3884 rege
1129 3798 1355 3883 inaugurando

230 3912 392 3970 transeam
415 3900 466 3986 (R.
494 3900 526 3967 S.
556 3901 586 3985 Ι,
616 3922 648 3985 p.
676 3902 718 3966 23
747 3920 772 3966 ε.
801 3908 833 3969 θῖ
860 3903 906 3986 ll,
935 3922 966 3986 p.
997 3903 1042 3987 8.)
1070 3900 1120 3967 vir
1149 3898 1356 3971 doctissimus

299 4126 324 4193 1)
342 4123 373 4180 cI.
393 4123 454 4179 Son.
472 4128 572 4196 quaest.
590 4129 644 4181 nat.
662 4125 701 4191 11,
718 4125 760 4182 32.
