2928 4874
594 335 757 432 ...1,9,.,

216 525 278 587 Ζεῦ
298 521 403 609 πάτερ
419 516 547 608 Ἴδηθεν
567 526 693 607 μεδέων
706 524 849 590 κύδιστε
863 532 992 608 μέγιστε

216 616 332 699 Ἠέλιος
353 622 388 700 ὃς
401 625 507 692 ’πάντ’
530 631 650 715 ἐφορᾷς
669 634 724 694 καὶ
745 628 841 694 πάντ’
864 628 1034 704 ἐπακούεις

216 732 282 793 Καὶ
301 734 445 813 ποταμοὶ
465 735 520 794 καὶ
542 740 620 813 γαῖα
641 738 695 798 καὶ
716 737 750 797 οἳ
768 726 931 818 ὑπένερθε
952 732 1117 815 καμόντας

216 824 424 918 Ἀνθρώποος
444 840 600 901 τίνυσθον
622 828 689 913 ὅτις
712 842 737 899 κ’
761 840 910 919 ἐπίορκον
931 829 1055 929 ὀμόσσῃ

214 929 314 1017 Ὑμεῖς
334 934 492 1021 μάρτυροι
514 940 587 1004 ἕστε
608 937 794 1023 φυλάσσετε
815 941 843 1004 δ’
865 931 958 1021 ὅρκια
980 936 1093 1004 πιστά,
1177 924 1180 929 ’
1266 924 1270 933 ’

197 1106 399 1192 Quamquam
428 1110 572 1178 concedo
594 1110 769 1196 Vergilium
791 1109 968 1178 Homerica·
993 1107 1153 1194 quaedam
1182 1108 1236 1174 ad-

109 1208 280 1277 miscuisse
308 1217 450 1278 attamen
477 1214 511 1279 in
540 1214 710 1301 propatulo
732 1220 782 1283 est
800 1202 882 1280 seum
917 1220 1038 1279 certam
1071 1211 1235 1297 quandam

108 1313 267 1380 rationem
289 1315 380 1399 sequi
400 1315 435 1382 in
457 1315 588 1384 deorum
610 1317 792 1387 nominibus
813 1315 1015 1402 proferendis
1037 1337 1134 1401 quam
1161 1336 1234 1383 eum

109 1436 177 1483 non
197 1417 337 1484 Homero
359 1427 526 1506 acceptam
554 1421 673 1488 referre
701 1421 805 1507 primo
834 1420 997 1515 oculorum
1027 1420 1139 1487 obtutu
1167 1439 1236 1506 per-

109 1520 253 1606 spicitur.
290 1519 355 1588 Sed
376 1522 537 1606 quaeritur
559 1544 642 1607 quac
664 1524 707 1590 sit
727 1543 767 1590 ea
789 1523 871 1590 ratio
893 1529 925 1589 et
946 1521 1032 1590 unde
1052 1543 1124 1589 eam
1138 1526 1236 1608 poeta

108 1623 267 1708 petiverit.
310 1622 415 1708 Atque
436 1634 471 1692 ut
491 1625 571 1692 mihi
592 1626 722 1711 quidem
743 1626 869 1693 videtur
895 1631 982 1692 recte
1004 1626 1133 1694 Servius
1157 1645 1234 1692 eam

109 1745 151 1792 ex
179 1746 336 1812 augurum
361 1729 547 1814 precatione
577 1730 719 1796 maxima
747 1729 871 1815 repetit.
923 1730 1049 1795 Etenim
1085 1750 1150 1795 non
1188 1734 1237 1795 est

110 1827 243 1896 difficile
271 1830 304 1897 in
333 1832 521 1919 fragmentis
552 1833 726 1918 propositis
757 1851 868 1900 omnes
897 1831 964 1898 iere
994 1831 1122 1898 eosdem
1158 1831 1236 1899 deos

113 1953 292 2020 agnoscere
315 1954 394 2019 quos
415 1936 546 2022 protulit
565 1936 734 2021 Vergilius.
777 1936 926 2019 Namque
947 1935 1084 2021 primum
1106 1935 1236 2019 quidem

110 2037 256 2104 nominat
278 2038 386 2104 Solem
408 2045 440 2105 et
461 2038 595 2105 Terram
617 2059 697 2124 quos
718 2040 821 2106 habes
843 2039 876 2105 in
898 2039 1013 2125 fragm.
1032 2038 1075 2122 V;
1098 2058 1236 2123 namque

12 2130 14 2219 f
110 2140 214 2208 Varro
237 2140 366 2225 quidem
388 2142 470 2227 ,divi
492 2143 547 2226 qui
567 2145 676 2230 potes‘
699 2145 822 2211 caelum
843 2151 876 2210 et
896 2148 1014 2208 terram
1043 2160 1115 2208 esse
1144 2143 1238 2209 inter·

12 2274 14 2319 ς
112 2249 264 2330 pretatur.
316 2245 518 2330 Quamquam
547 2267 612 2314 non
647 2267 778 2338 prorsus
812 2252 900 2315 recte
927 2245 1104 2312 Varronem
1138 2245 1237 2313 libros

12 2346 14 2431 3
111 2348 288 2433 augurales
306 2348 547 2436 interpretatum
568 2368 641 2417 esse
662 2369 851 2435 persuasum
876 2348 991 2416 habeo.
1034 2348 1182 2432 Namque
1203 2349 1238 2414 ni

13 2464 15 2557 ἐ
113 2452 244 2538 egregie
274 2451 369 2519 t'allor
399 2453 459 2521 hoc
489 2448 773 2538 οἷποσποισμοέτιονζ
811 2451 854 2520 ad
888 2450 1024 2520 eandem
1060 2452 1237 2536 pleniorem

13 2570 15 2663 ρ
112 2554 282 2621 formulam
316 2557 452 2641 pertinet
486 2576 568 2641 quae
602 2564 651 2624 est
686 2558 720 2623 in
757 2555 900 2625 carmine
936 2553 1115 2643 devotionis
1151 2555 1239 2641 apud

116 2657 244 2724 Livium
266 2658 358 2744 vlll,
381 2663 417 2725 9:
455 2660 547 2745 ‚lane
576 2659 720 2746 luppiter
747 2660 919 2744 Marspiter
946 2658 1077 2737 Quirine
1105 2657 1241 2726 Bellona

13 2762 16 2845 i
114 2761 216 2830 Lares
238 2762 314 2828 Divi
333 2763 523 2830 Novensiles
546 2762 579 2829 di
595 2763 758 2850 Indigetes
772 2763 849 2837 Divi
870 2782 1003 2846 quorum
1026 2768 1075 2828 est
1096 2769 1239 2849 potestas

14 2926 16 2931 ,
114 2871 295 2933 nostrorum
324 2865 526 2949 hostiumque
546 2866 665 2951 Diique
687 2867 816 2933 Manes‘
846 2871 905 2933 etc.
950 2864 1044 2944 Quod
1073 2866 1103 2935 si
1130 2885 1240 2933 verum

14 2974 15 3017 ἑ
115 2975 165 3035 est
186 2968 340 3036 Varronis
362 2969 534 3056 explicatio
556 2969 718 3053 quomodo
741 2975 811 3036 orta
833 2968 875 3035 sit
897 2968 991 3036 nobis
1013 2969 1240 3052 quaerentibus

14 3138 15 3143 ,
115 3091 156 3138 ea
177 3071 280 3138 solum
302 3073 356 3139 via
376 3073 564 3157 relinquitur
586 3079 621 3138 ut
641 3073 772 3139 nomina
794 3090 902 3140 eorum
921 3070 1054 3139 deorum
1069 3070 1110 3138 de
1125 3072 1240 3156 quibus

14 3186 17 3273 ss
115 3172 217 3242 Varro
241 3176 361 3263 cogitat
382 3182 457 3245 ante
480 3197 519 3245 ea
541 3177 613 3262 ipsa
634 3176 734 3245 verba
756 3175 840 3261 ‚divi
862 3173 917 3260 qui
945 3178 1053 3261 potes‘
1083 3176 1241 3244 collocata

15 3282 17 3361 ξ
113 3277 216 3345 fuisse
239 3299 436 3350 censeamus.
480 3280 555 3346 Fuit
577 3298 654 3366 ergo
677 3278 816 3346 fortasse
838 3279 871 3345 in
899 3279 1121 3365 auguralibus:
1149 3279 1241 3365 ‚Dive

114 3387 207 3468 pater
228 3382 365 3451 Saturne
387 3383 527 3468 divaque
548 3390 650 3452 mater
672 3384 782 3449 Tellus
805 3385 861 3467 (ει
876 3380 944 3467 Ops
965 3383 1006 3450 cf.
1021 3383 1106 3468 Aug.
1122 3382 1163 3449 dc
1179 3383 1240 3449 civ.

115 3483 194 3550 Dei:
231 3485 391 3554 Tellurem
422 3487 525 3571 inquit
553 3485 677 3576 [Varro]
706 3492 821 3571 putant
849 3506 920 3553 csse
949 3485 1064 3573 Opem)
1091 3485 1160 3553 divi
1188 3486 1243 3571 qui

117 3594 211 3675 potes
233 3591 315 3673 sqq!
358 3589 449 3658 Haec
470 3593 603 3658 numina
623 3589 783 3676 Vergilius
804 3608 930 3674 quoque
956 3589 1082 3656 induxit
1111 3589 1169 3658 sed
1198 3590 1244 3655 ita

88 3698 151 3763 ,ut
180 3687 478 3780 Solcm'llpqpacie
507 3715 565 3781 pro
594 3693 732 3760 Saturno
760 3693 923 3760 invocaret
950 3693 1002 3760 vel
1030 3692 1116 3776 quod
1146 3692 1242 3760 etiam

116 3795 255 3882 cogitari
276 3802 381 3880 potest
401 3798 508 3866 Solem
531 3817 625 3881 quem
647 3818 687 3864 cx
710 3796 940 3879 antiquissimis
962 3796 1158 3881 temporibus
1181 3795 1266 3875 culp

114 3906 184 3966 tum
206 3917 278 3966 esse
300 3904 460 3985 constat1)
483 3900 672 3969 nominatim
687 3920 727 3969 ex
742 3899 927 3989 precatione
942 3900 1084 3967 maxima
1098 3898 1244 3987 repetivit

115 4059 324 4070 ----·-—----

188 4157 213 4227 1)
231 4156 264 4213 cl.
283 4158 439 4215 Ambrosclr.
458 4158 579 4226 ,Studien
596 4175 622 4215 u.
640 4158 718 4215 And!
736 4176 762 4228 p.
780 4157 838 4214 171.

996 4246 1035 4303 qa
