2928 4874
706 307 867 403 22

227 497 269 581 Il,
293 495 359 581 30.)
380 493 415 560 id
430 492 669 560 eoncedendum
685 513 756 561 esse
770 494 901 581 negavit
915 498 1086 579 propterea
1102 493 1187 577 quod
1202 495 1352 562 mulieres

225 600 259 665 in
282 597 419 666 comitiis
442 596 557 664 adesse
578 598 769 665 vetabantur
790 597 877 664 haud
892 599 959 665 seio
976 617 1018 664 an
1033 597 1180 664 Vestales
1195 636 1234 646 —
1251 599 1354 665 filiac-

226 702 355 769 familas
378 700 488 787 populi
515 701 651 768 Romani
673 741 713 750 -
736 722 776 768 ea
803 703 874 788 lege
904 708 1058 786 exceptae
1086 701 1210 768 fuerint.
1255 701 1353 780 Quod

226 807 253 873 si
276 806 348 888 quis
370 809 468 890 negat
490 806 586 871 etiam
608 804 686 870 illud
701 811 806 890 potest
821 806 956 893 eogitari
971 825 1035 871 non
1050 811 1115 871 tam
1131 804 1237 871 curias
1252 824 1352 887 quam

225 910 352 976 lictores
383 907 533 976 curiatios
561 908 595 973 in
624 909 807 976 Vestalibus
836 909 1068 996 inaugurandis
1098 907 1245 976 adhiberi
1275 928 1351 975 esse

224 1012 345 1081 solitos.
383 1015 430 1077 Ao
452 1031 493 1077 ne
514 1011 570 1078 illo
592 1011 722 1096 quidem
744 1019 930 1100 argumento
953 1013 1030 1079 mihi
1044 1012 1205 1097 persuasit
1214 1012 1373 1103 Mommg

224 1134 320 1183 senus
358 1113 446 1199 quod
477 1115 566 1200 apud
603 1116 834 1183 iureconsultos
861 1116 946 1204 (Gai.
974 1118 1004 1201 Ι,
1041 1118 1112 1181 130.
1143 1115 1216 1201 Ulp.
1244 1117 1284 1181 X.
1314 1119 1350 1197 5)

222 1219 385 1286 flaminum
407 1218 685 1303 inaugurationem
699 1240 770 1285 cum
781 1220 957 1287 Vestalium
973 1219 1121 1305 captione
1136 1219 1181 1284 ita
1197 1219 1350 1304 componi

156 1314 158 1317 ’
223 1322 301 1388 dicit
330 1328 365 1387 ut
385 1322 531 1390 Vestales
553 1344 618 1390 non
647 1324 855 1409 inauguratas
886 1343 957 1390 esse
987 1328 1151 1409 appareat.
1200 1323 1353 1406 Namque

223 1427 292 1491 sine
322 1425 420 1493 dubio
447 1426 494 1491 illi
527 1427 732 1494 iureconsulti
768 1427 865 1493 etiam
899 1426 1044 1509 flamines
1082 1426 1156 1511 capi
1192 1426 1354 1509 dixissent

222 1529 286 1595 nisi
308 1529 436 1614 proprie
457 1529 607 1614 capiendi
621 1530 753 1596 verbum
768 1530 811 1596 ad
826 1530 967 1615 virgines
984 1528 1352 1616 Vestales'pertinuisset

224 1631 319 1719 (Geli.
344 1632 374 1717 l,
405 1632 469 1715 12.)
493 1671 532 1679 —
556 1631 622 1698 Sed
645 1633 742 1699 etiam
763 1635 908 1723 reliquos
925 1635 953 1699 si
983 1633 1036 1716 qui
1065 1632 1146 1700 forte
1176 1639 1351 1718 supersunt

222 1736 406 1803 sacerdotes
436 1736 646 1820 inauguratos
676 1756 748 1803 esse
777 1738 868 1804 testis
897 1743 946 1803 est
976 1737 1087 1803 Cicero
1118 1737 1173 1819 qui
1208 1755 1350 1823 augures

198 1839 484 1906 -omnesomnino
508 1840 690 1907 sacerdotes
713 1859 872 1925 augurare
896 1839 928 1905 id
950 1846 999 1905 est
1018 1841 1210 1924 inaugurare
1225 1840 1348 1925 iubetl)

223 1948 255 2007 et
283 1943 459 2028 Dionysius
489 1943 559 2008 sinc
589 1942 685 2009 dubio
721 1944 771 2009 sui
802 1944 953 2029 temporis
990 1963 1094 2009 mores
1129 1942 1270 2024 ritusque
1305 1943 1349 2008 ad

221 2046 387 2112 Romulum
417 2045 557 2112 referens
566 2047 601 2131 2).
653 2047 801 2130 Namque
830 2047 916 2129 quod
943 2047 1053 2114 Labeo
1085 2044 1172 2132 apud
1208 2046 1348 2112 Gellium

142 2166 144 2170 ⁴
223 2149 292 2233 XV,
316 2151 358 2213 27
382 2148 492 2214 scribit
514 2150 631 2234 ‚calata
653 2150 782 2216 comitia
805 2170 876 2217 esse
898 2169 981 2233 quae
1002 2171 1060 2235 pro
1083 2149 1230 2233 conlegio
1245 2150 1350 2234 ponti-

223 2252 317 2317 ficum
353 2251 511 2318 habentur
548 2259 602 2319 aut
638 2255 723 2338 regis
760 2259 816 2319 aut
850 2253 1014 2319 flaminum
1050 2252 1348 2337 inaugurandorum

224 2357 332 2421 oausa‘
357 2356 403 2421 ita
432 2355 657 2442 explicandum
688 2377 759 2423 esse
789 2357 866 2422 mihi
894 2357 1019 2423 videtur
1053 2362 1088 2421 ut
1116 2356 1349 2441 posterioribus

222 2459 416 2545 temporibus
440 2459 543 2525 solum
565 2459 598 2524 in
620 2480 696 2547 rege
718 2480 881 2526 sacrorum
904 2466 936 2528 et
957 2459 1139 2526 flaminibus
1154 2460 1349 2544 inauguran-

222 2562 273 2628 dis
295 2562 403 2628 calata
424 2562 555 2628 comitia
577 2563 701 2649 habita,
730 2564 764 2628 in
787 2564 900 2630 ceteris
923 2569 1027 2629 autem
1052 2561 1272 2629 sacerdotibus
1300 2564 1348 2628 in-

224 2665 421 2751 augurandis
445 2665 548 2731 solum
570 2666 697 2733 lictores
720 2666 870 2732 curiatios
894 2666 1055 2733 adhibitos
1071 2685 1142 2731 esse
1157 2671 1346 2732 statuamus.

220 2768 460 2853 Antiquioribus
475 2776 580 2837 autem
596 2769 793 2855 temporibus
813 2789 886 2835 cum
900 2788 1049 2837 numerus
1065 2769 1265 2835 sacerdotnm
1280 2791 1348 2836 non

222 2878 342 2938 tanturn
365 2873 553 2940 increvisset
576 2893 686 2941 omnes
716 2871 900 2939 sacerdotes
929 2873 962 2937 in
991 2872 1104 2938 calatis
1134 2872 1269 2940 comitiis
1297 2873 1348 2938 in-

220 2984 397 3062 auguratos
433 2967 504 3043 ess'e
530 2976 667 3043 libenter
694 2977 852 3063 Dionysio
881 2975 1103 3043 concedemus.
1156 2975 1250 3054 Quod
1276 2982 1348 3042 utut

221 3087 271 3146 est
300 3080 380 3145 illud
412 3086 496 3147 certe
524 3102 617 3148 nemo
647 3082 843 3147 Mommsenc
872 3078 1069 3145 adsentietur
1097 3080 1181 3163 quod
1211 3081 1348 3166 inaugu-

220 3183 376 3250 rationem
398 3184 591 3268 reliquorum
614 3183 813 3251 sacerdotum
836 3183 978 3268 exceptis
999 3203 1075 3268 rege
1104 3190 1136 3249 et
1161 3182 1347 3251 flaminibus

220 3287 303 3355 tollit
324 3293 380 3353 aut
401 3288 447 3353 ita
469 3289 583 3354 saltem
606 3288 773 3373 impugnat
794 3293 829 3352 ut
850 3306 953 3371 paene
976 3284 1056 3350 nihil
1077 3286 1163 3353 aliud
1185 3287 1348 3370 relinquat

221 3411 316 3473 quam
339 3389 382 3455 ad
403 3411 496 3457 saera
510 3391 710 3458 vocationem
727 3390 897 3474 quamdam
912 3410 977 3473 qua
992 3388 1150 3473 quomodo
1166 3382 1347 3457 certissima

221 3495 403 3560 testimonia
433 3492 584 3579 expedire
612 3494 688 3560 velit
716 3493 786 3579 ipse
812 3492 930 3559 rideat.
957 3532 999 3541 -
1027 3491 1122 3570 Quod
1149 3512 1225 3559 vero
1242 3493 1346 3578 Marq.

221 3598 288 3682 (lV.
312 3598 398 3682 351.)
421 3597 699 3682 inaugurationem
722 3596 921 3663 sacerdotum
944 3597 977 3661 in
1000 3595 1073 3662 toro
1099 3595 1243 3662 habitam
1271 3616 1348 3665 esse

220 3701 392 3767 arbitratur
424 3701 527 3785 magis
565 3702 672 3786 posuit
708 3722 803 3785 quam
840 3700 997 3786 probavit.
1047 3700 1172 3765 Etenim
1204 3720 1273 3767 cum
1303 3721 1348 3769 ex

221 3824 331 3889 regum
354 3802 646 3889 inaugurandorum
669 3805 739 3871 loeo
762 3804 781 3869 i.
812 3824 839 3869 c.
868 3803 949 3870 oolle
971 3799 1152 3887 Capitolino
1182 3804 1238 3888 (cf.
1261 3804 1348 3873 Plut.

222 3914 254 3974 et
275 3908 352 3974 ch.
375 3908 407 3972 ll.
430 3908 479 3993 ll.)
501 3914 567 3972 tum
590 3927 629 3974 ex
650 3907 842 3991 quibusdam
857 3907 929 3973 aliis
944 3905 1133 3973 testimoniis
1149 3908 1350 3976 eontrarium

290 4132 316 4198 1)
333 4131 367 4186 re
383 4129 434 4200 reg.
451 4130 492 4197 11,
510 4130 534 4184 s.
553 4130 594 4183 2ο,
613 4161 646 4170 -
662 4132 690 4200 2)
708 4131 786 4186 oron.
805 4132 844 4197 Π,
861 4132 903 4185 22.
922 4129 952 4185 cf.
971 4130 1002 4184 n.
1021 4130 1058 4184 m.
1076 4130 1123 4197 rv,
1141 4132 1199 4187 351.
1243 4158 1246 4165 ι
