2928 4874
561 346 726 447 -..sn

100 533 222 618 νήμασι
243 534 383 616 ἐντυχών
405 526 498 618 εὗρεν
519 529 716 621 ἠγνοημένον
738 531 792 619 ὑφ’
808 531 1033 603 cireceastria
1047 546 1202 625 πατρίων.

74 644 122 703 Ην
151 639 187 703 δὲ
216 642 379 703 τοσοῦτον.
410 630 490 702 ὅταν
518 632 628 722 ἄρχων
658 643 709 704 ἐπ’
747 633 852 723 ὄρνισι
888 640 1109 724 καθεζόμενος
1145 643 1202 716 ἔξω

71 808 77 825 ¹
102 737 199 813 όλεως
219 742 301 822 ἔχων
323 735 410 804 οἶκον
432 734 455 820 η’
476 739 598 827 σκηνὴν
618 746 877 826 μεμισθωμένην
898 737 954 807 ὑπ’
982 745 1088 827 αἰτίας
1116 745 1204 820 τινὸς

78 834 272 935 ἀναγκασθῇ
293 841 393 928 μήπω
416 840 591 924 γεγονότων
612 849 754 927 σημείων
774 849 923 926 βεβαίων
944 846 1204 922 saevassaeuas

76 943 172 1010 πόλιν
193 939 329 1029 οἷφεϊναι
350 949 443 1031 ἐχρῆν
464 942 501 1009 τὸ
523 950 844 1029 προμεμισθωμένον
865 948 983 1032 οἴκημα
1004 954 1059 1014 καὶ
1087 948 1204 1031 λαβεῖν
1222 936 1225 949 ’

78 1049 183 1132 ἕτερον
200 1047 236 1119 ἐξ
256 1040 295 1113 οὗ
317 1046 491 1133 ποιήσεται
512 1047 571 1132 την
598 1052 687 1112 θέαν
716 1036 816 1121 αὖθις
844 1049 879 1121 ἐξ
906 1046 1063 1138 ὑπαρχῆς.
1112 1056 1201 1117 Τοῦτ’

70 1140 196 1215 Ιλαθεν
218 1144 261 1224 ὦς
281 1153 364 1216 ἔοικε
392 1150 450 1215 τὸν
474 1155 624 1233 Τιβέριον
649 1155 704 1215 καὶ
732 1154 781 1225 δὶς
808 1156 854 1236 τῷ
883 1146 973 1237 αι’πῷ
1000 1151 1204 1238 χρησάμενος

80 1245 223 1323 ἀπέδειξε
244 1252 319 1328 τοὺς
340 1256 525 1338 εἰρημένους
547 1247 672 1336 ἄνδρας
700 1248 854 1328 ὑπάτους.
884 1248 1019 1339 ὕστερον
1047 1258 1083 1322 δὲ
1111 1256 1204 1337 γνοὺς

80 1353 132 1439 τὴν
152 1349 319 1440 ἁμαρτίαν
341 1349 494 1441 ἄνηνεγκε
515 1354 598 1440 πρὸς
627 1353 685 1439 την
714 1355 910 1441 σύγκλητον(
952 1357 1067 1440 Neque
1094 1364 1203 1424 tamen

71 1455 121 1541 ita
139 1463 279 1524 statuere
307 1456 461 1524 debemus
483 1455 688 1523 Plutarchum
716 1457 802 1524 falsa
831 1457 1014 1526 tradidisse.
1058 1459 1125 1526 Sed
1152 1481 1204 1526 res

81 1559 122 1626 ita
146 1562 252 1646 petius
280 1580 316 1626 se
342 1558 441 1625 habet
467 1566 502 1626 ut
516 1558 713 1639 ¹Plutarchus
743 1580 815 1626 cum
845 1561 1067 1627 auctoritatem
1089 1562 1204 1628 Ruma-

82 1681 185 1729 uorum
209 1670 339 1730 secutus
361 1663 403 1730 sit
424 1662 555 1728 minime
578 1663 830 1730 contemnendus
853 1682 925 1730 esse
946 1663 1104 1731 rideatur.
1141 1665 1204 1732 lta-

83 1782 138 1847 que
157 1784 224 1832 rem
247 1765 294 1832 ita
315 1765 468 1832 facillime
491 1764 699 1851 expediemus
729 1772 764 1832 ut
791 1772 958 1849 utrumque
988 1766 1203 1835 testimonium

83 1869 307 1955 coniungamus
328 1871 598 1955 praeceptumque
621 1868 688 1934 fere
717 1868 782 1934 tale
810 1867 844 1933 in
873 1868 963 1935 libris
993 1870 1202 1954 auguralibus

82 1968 173 2037 luisse
193 1990 385 2056 persuasum
406 1970 598 2038 habeamus:
637 1970 687 2055 ‚Si
709 1971 823 2038 consul
845 1991 917 2037 cum
945 1971 1075 2038 comitia
1103 1974 1204 2060 magi-

83 2072 224 2139 stratibus
254 2073 409 2159 rogandis
445 2073 614 2141 habiturus
652 2079 701 2139 est
736 2074 979 2141 tabernaculum
1015 2076 1135 2161 ceperit
1171 2084 1203 2142 et

83 2181 244 2258 autequam
266 2182 354 2243 certa
376 2177 472 2261 signa
492 2176 633 2261 spexerit
654 2176 688 2241 in
710 2178 821 2243 urbem
843 2177 974 2245 redierit
987 2177 1022 2243 in
1036 2166 1201 2244 redeundo

83 2296 145 2343 curn
165 2279 342 2363 pomerium
363 2278 478 2346 transit
499 2278 664 2364 auspicari
686 2299 758 2345 eum
781 2285 907 2365 oportet
927 2278 1023 2347 ruodo
1046 2278 1090 2346 ad
1116 2279 1202 2346 idem

83 2378 314 2448 telemaculum
343 2387 534 2465 reuertatur3
573 2380 621 2448 sin
658 2381 763 2447 minus
797 2382 983 2467 auspicatus
1018 2382 1079 2449 erit
1113 2382 1201 2448 aliud

83 2484 311 2550 tabernaculum
327 2504 443 2570 capere
459 2504 530 2550 eum
545 2485 690 2568 oportet}
705 2483 836 2552 —Non
851 2485 936 2550 male
949 2484 1202 2566 Mommsenus1)

85 2603 118 2651 cs
137 2584 281 2674 sulpicia
300 2586 416 2670 quibus
431 2587 481 2652 Ti.
497 2585 645 2655 Graccho
668 2606 749 2671 opus
764 2586 869 2654 suerat
883 2587 1083 2673 peremnia2)
1100 2585 1202 2654 tuisse

85 2697 182 2757 censa
203 2696 332 2757 secutus
353 2689 486 2756 Festum
508 2691 579 2756 250.
604 2710 629 2757 s.
652 2710 683 2755 v.
706 2689 866 2755 Petronia.

158 2792 285 2878 Fragm.
308 2793 390 2857 XXI
412 2824 453 2847 =
476 2792 578 2859 Varro
598 2786 641 2858 L.
671 2793 708 2857 L.
732 2792 808 2878 vll,
837 2793 906 2858 51.:
942 2792 1016 2860 libri
1044 2812 1200 2878 augurum

84 2910 133 2978 pru
154 2901 341 2981 tempestate
363 2901 598 2977 tempestiuum
620 2894 732 2960 dicunt
760 2915 942 2981 supremum
971 2894 1099 2981 augurii
1125 2900 1201 2960 tem·
1251 2979 1254 2983 ἦ

84 2997 154 3079 μοί
182 3036 223 3045 -
253 2999 397 3084 Apparet
427 3016 467 3064 ex
496 2996 557 3063 hcc
587 2998 828 3084 apospasmatic
856 2997 1047 3083 auspicandi
1075 3003 1200 3082 tempus

85 3094 173 3166 luisse
192 3100 226 3165 in
250 3099 429 3185 cumplures
451 3105 560 3185 partes
582 3099 730 3167 divisum.

157 3202 285 3288 Fragm.
314 3203 411 3285 xxfl
439 3235 481 3256 =
509 3204 552 3268 ib.
577 3203 615 3287 V,
643 3204 710 3267 ll:
747 3207 833 3269 terra
860 3202 894 3269 iu
923 3221 1079 3289 augurum
1110 3202 1200 3269 libris

85 3303 223 3390 scriptum
246 3324 318 3371 cum
339 3325 355 3370 r
377 3325 440 3371 uno
462 3312 544 3374 tera.
1209 3364 1211 3368 .

90 3464 94 3471 ,
139 3406 705 3493 *Fragm.XXIlI=Fest.165.:
741 3409 874 3490 negritu
894 3406 929 3473 in
951 3406 1080 3494 auguris
1103 3406 1201 3491 signi·

84 3502 148 3574 fleat
167 3508 343 3596 aegritudo.

197 3681 233 3746 Β.
257 3681 455 3768 Fragmenta
475 3681 518 3747 ad
540 3681 591 3747 ius
613 3679 776 3766 publicum
799 3680 988 3779 referendas

158 3816 286 3902 Fragm.
309 3817 481 3883 XX1V=
505 3817 570 3884 Cic.
594 3816 636 3883 de
658 3824 723 3883 nat.
753 3816 841 3884 deur.
864 3818 911 3903 Π,
935 3818 986 3883 25.
1011 3819 1076 3883 65.;
1114 3816 1198 3883 hunc

87 3912 213 4003 (lovem)
243 3918 340 3986 etiam
376 3939 514 4004 augures
550 3920 651 3988 nostri
687 3940 757 3987 cum
797 3919 908 3987 dicunt
935 3923 1017 3986 Jeue
1051 3923 1198 4002 fulgente

86 4050 277 4068 Ἣ

143 4138 167 4205 1)
184 4139 213 4193 lu
232 4141 258 4195 S.
277 4141 299 4207 1,
316 4142 359 4195 22.
377 4142 437 4198 adn.
456 4144 480 4197 5.
498 4173 533 4182 -
550 4144 577 4214 2)
595 4142 626 4199 cl.
647 4143 730 4199 infra:
750 4141 888 4215 peremnia
904 4141 1031 4212 auspicia.
