2928 4874
703 289 869 390 Aa.-

307 478 357 543 De
379 479 584 545 condictione
606 481 650 566 (p.
667 481 733 563 30.)
756 480 797 546 de
812 483 1001 563 precatione
1015 483 1158 548 murima
1175 482 1227 565 (p.
1239 480 1295 566 18)
1311 479 1357 546 de

222 583 429 649 invocatione
466 581 512 665 (p.
543 581 610 668 20.)
648 582 689 649 de
725 586 941 651 consensione
979 585 1023 670 (p.
1060 584 1128 668 35.)
1165 582 1207 650 de
1242 585 1360 666 legum

220 687 364 753 dictione
387 686 433 770 (p.
457 685 525 769 25.)
547 692 606 752 cto.
630 685 695 753 iam
718 688 784 775 suis
807 687 887 754 locis
909 686 1104 772 disputatum
1128 693 1187 753 est.

307 788 458 871 Sequitur
479 794 514 853 ut
534 790 634 856 verba
657 789 816 871 quaedam
840 789 1010 857 sollemnia
1034 791 1077 856 ad
1100 810 1238 876 augures
1260 792 1362 877 perti-

221 891 331 959 nentia
352 891 416 957 nisi
437 891 519 957 forte
541 892 605 958 iam
628 893 947 960 commemoravimus
969 894 1002 959 in
1024 894 1113 961 libris
1137 892 1237 960 fuisse
1258 893 1362 979 signi-

221 995 363 1061 ficemus.
407 994 547 1061 Dubium
570 995 655 1060 enim
685 1015 851 1066 essenon
879 1002 986 1082 potest
1015 998 1092 1081 quin
1122 995 1222 1062 verba
1250 1013 1361 1078 angn-

220 1100 317 1164 mndi
346 1103 378 1163 et
406 1101 598 1181 auspicandi
627 1099 661 1164 in
689 1119 727 1165 eo
758 1119 890 1167 numero
919 1099 1044 1166 suerint.
1101 1099 1174 1165 Huc
1196 1097 1364 1166 accedunt

110 1221 113 1226 ·
221 1201 323 1267 verba
344 1202 509 1288 sedendi1)
532 1203 704 1289 eutrandil)
719 1207 897 1286 caponum
911 1205 1061 1287 orendil)
1078 1206 1201 1269 lituum
1213 1205 1363 1285 promel-

221 1305 346 1388 ionum)
369 1292 523 1390 templum
545 1305 613 1372 sive
635 1306 742 1372 locum
764 1306 833 1373 sive
855 1326 968 1392 agrum
989 1307 1159 1385 cronois)
1183 1307 1363 1373 liberandi-

222 1407 345 1492 qneib).
398 1407 482 1474 Dein
512 1408 644 1474 dubium
673 1430 738 1475 non
775 1416 824 1475 est
860 1409 936 1492 quin
971 1411 1262 1476 tabernaculorum
1297 1428 1364 1474 seu

223 1510 380 1577 minorum
402 1511 593 1595 templorum
616 1512 762 1579 inlibris
785 1512 874 1578 facta
896 1512 1015 1578 mentio
1038 1504 1138 1607 siti).¹
1170 1512 1269 1579 Porro
1302 1511 1365 1576 ad-

221 1613 368 1681 verbium
390 1617 554 1697 extemplo
577 1613 638 1680 huc
661 1614 765 1681 refero
789 1614 874 1696 quod
898 1615 1082 1701 aServiol)
1105 1613 1235 1698 quidem
1257 1633 1365 1699 augu-

222 1736 293 1782 rum
315 1718 457 1784 sermoni
478 1718 634 1785 tribuitur.
658 1718 828 1800 'Denique
856 1718 1045 1803 fragmentis
1074 1718 1228 1785 librorum
1257 1737 1365 1803 augu-

223 1819 338 1887 ralium
360 1821 492 1887 nomina
514 1824 654 1907 partium
669 1821 871 1907 templarium
886 1841 943 1887 seu
958 1823 1125 1913 regionum
1141 1819 1365 1887 adnumerare

222 1923 332 1991 licebit
346 1932 493 2006 'quarum
522 1925 605 1992 inter
634 1925 717 1991 alios
745 1924 824 1990 iacit
857 1924 1051 1992 mentionem
1079 1923 1169 1991 Serv.
1204 1923 1249 1990 ad
1281 1925 1363 1991 buc.

223 2028 287 2111 IX,
312 2029 377 2108 15.;
416 2047 556 2113 augures
579 2028 676 2095 etiam
699 2028 872 2114 designant
893 2028 1001 2113 spatia
1030 2027 1109 2094 lituo
1139 2032 1171 2092 et
1200 2026 1248 2094 eis
1277 2027 1366 2093 dant

223 2131 355 2196 nomina
377 2138 411 2197 ut
432 2131 537 2216 prima
553 2150 635 2216 ¹pars
658 2131 783 2198 dicatur
804 2134 915 2198 untioa
937 2130 1094 2216 posterior
1122 2132 1250 2213 postica
1278 2129 1365 2196 item

223 2235 335 2300 dextro
358 2239 390 2299 et
411 2235 567 2301 sinistro!
611 2234 760 2301 Attamen
783 2254 822 2301 ea
844 2234 991 2317 quaestio
1014 2232 1205 2299 difficillima
1235 2238 1283 2298 est
1313 2233 1364 2298 ad

223 2356 320 2420 quam
348 2336 432 2402 caeli
458 2342 583 2420 partem
611 2356 668 2403 eas
698 2336 932 2423 appellationes
962 2336 1122 2422 pertinere
1155 2353 1363 2403 censeamus.

223 2437 262 2504 In
284 2439 491 2506 Etruscorum
513 2439 644 2523 quidem
670 2439 843 2526 disciplina
871 2438 1028 2506 dubitatio
1057 2458 1128 2505 esse
1156 2459 1221 2506 non
1250 2444 1364 2525 potest

225 2544 301 2626 quin
324 2543 433 2609 antica
454 2543 633 2610 meridiana
655 2544 755 2630 plaga
777 2542 881 2610 inerit.
919 2544 1033 2631 ¹'lestis
1056 2549 1105 2609 est
1126 2542 1194 2608 Cic.
1221 2541 1262 2608 de
1289 2541 1361 2607 div.

224 2646 249 2732 I,
268 2649 317 2711 17.
334 2648 400 2713 31.:
424 2666 482 2714 sue
503 2647 643 2714 inuenta¹
657 2647 701 2714 ad
723 2646 890 2714 meridiem
910 2652 1060 2733 spectans
1081 2647 1116 2711 in
1137 2645 1245 2712 media
1259 2644 1364 2712 vinca

224 2750 340 2817 dicitur
368 2750 551 2816 constitisse
578 2770 623 2817 sc.
646 2751 740 2816 Attus
762 2750 932 2834 Noviusss).
976 2750 1126 2815 Attamen
1154 2750 1187 2814 in
1209 2749 1364 2815 Romana.

225 2853 398 2941 disciplina
420 2853 607 2939 plerumque
624 2855 784 2920 orientem
807 2873 918 2919 versus
934 2858 1117 2938 spectantes
1133 2852 1211 2916 mihi
1226 2850 1363 2934 quidem

225 2956 379 3042 auspiciis
409 2955 556 3030 videntur
586 2976 718 3043 operam
748 2956 886 3024 dedisse.
939 2955 1045 3024 Testis
1075 2962 1125 3022 est
1153 2954 1283 3021 Servius
1313 2955 1362 3020 ad

225 3060 304 3125 Aen.
327 3059 375 3143 11,
399 3060 487 3149 693εΙ
523 3059 678 3128 Sinistras
708 3066 816 3127 autem
846 3066 955 3146 partes
985 3059 1252 3146 septentrionales
1283 3075 1363 3125 esse

223 3235 432 3243 >nm-m

295 3333 321 3399 1)
340 3333 412 3388 Serv.
432 3333 467 3388 ad
484 3334 551 3390 Aen.
563 3334 610 3400 ΙΧ,
627 3335 652 3388 4.
671 3334 833 3398 καθέζεσθαι
851 3335 923 3405 apud
940 3335 1010 3390 Plut.
1030 3334 1105 3390 Rom.
1123 3324 1166 3388 22.
1192 3332 1275 3388 Mare.
1287 3332 1312 3386 5.
1325 3362 1362 3374 -

148 3455 150 3459 -
224 3423 250 3487 2)
274 3418 349 3474 Paul.
375 3436 401 3489 p.
419 3419 460 3475 66.
486 3449 519 3458 -
542 3420 569 3490 3)
585 3421 672 3475 Varro
689 3422 720 3475 L.
737 3420 768 3475 L.
786 3420 839 3485 VI,
862 3422 904 3474 42.
941 3420 995 3475 cic.
1015 3420 1048 3475 de
1071 3419 1122 3475 div.
1142 3420 1169 3484 1,
1194 3417 1236 3474 17.
1256 3417 1298 3471 32.
1325 3447 1362 3458 -

224 3506 250 3573 4)
268 3505 296 3558 Si
314 3510 386 3560 recte
403 3505 502 3573 legitur
519 3508 591 3575 apud
608 3508 680 3564 Fest.
698 3508 776 3562 25312.
812 3507 854 3562 De
871 3507 938 3562 lituo
956 3506 988 3562 cf.
1007 3506 1060 3561 Cic.
1080 3504 1114 3560 de
1135 3504 1186 3560 div.
1204 3504 1232 3568 1,
1257 3502 1297 3555 17.
1316 3504 1362 3573 30.

225 3592 298 3647 Serv·
316 3590 534 3656 Aen-Vss‚1ar.
569 3593 637 3650 een.
648 3595 681 3661 v,
699 3597 722 3650 s.
735 3597 784 3662 .(=
802 3594 885 3649 macr.
904 3592 958 3648 sot.
971 3593 1018 3659 rr,
1035 3595 1060 3648 a.
1079 3593 1114 3661 1.)
1141 3590 1211 3645 rut.
1228 3589 1304 3644 nom.
1317 3589 1362 3645 22.

225 3676 297 3731 Cam
317 3678 358 3732 32:
378 3707 411 3716 -
428 3678 481 3749 51²)
499 3679 569 3735 Serv.
589 3681 638 3746 111,
655 3681 715 3737 463.
732 3675 779 3746 VI,
798 3682 856 3735 197.
886 3679 972 3734 Varro
990 3679 1020 3732 L.
1029 3680 1058 3733 1..
1072 3678 1119 3743 VI,
1137 3676 1161 3731 7.
1173 3676 1215 3730 33.
1251 3674 1305 3729 Cic.
1324 3676 1363 3730 ad

203 3756 205 3759 ’
224 3765 280 3817 Att·
298 3762 436 3829 X111.42.
455 3765 478 3819 3.
515 3766 582 3822 cen.
600 3766 680 3833 xrn,
701 3766 740 3820 14.
760 3798 793 3806 -
811 3768 865 3832 ao)
882 3766 955 3820 serv.
973 3765 999 3830 r,
1022 3763 1081 3819 rec.
1116 3762 1191 3818 naun
1209 3760 1269 3827 124.
1305 3760 1361 3814 on.

225 3849 258 3902 oe
276 3849 327 3918 ng.
346 3849 380 3916 ΙΙ,
398 3852 424 3905 8.
442 3881 474 3890 -
494 3853 519 3921 o)
536 3853 608 3908 rest..
626 3853 703 3906 anco·
722 3854 754 3908 n.
773 3853 846 3908 serv.
859 3851 905 3917 ru,
924 3851 983 3905 roo.
1018 3850 1089 3904 reso.
1104 3848 1162 3904 ror.
1182 3863 1203 3901 s.
1215 3863 1239 3900 v.
1258 3844 1366 3901 minora

225 3936 333 4003 templa.
369 3937 460 3993 Verba
485 3939 626 3993 sollemnia
648 3944 726 3994 erant
748 3936 977 3995 tabernaculum
1002 3948 1115 4004 capere.
1151 3930 1184 3987 cf.
1207 3931 1238 3986 B.
1262 3930 1300 3984 Μ.
1326 3931 1363 3997 li,

122 4084 123 4087 Ἴ
226 4020 251 4076 3.
270 4018 312 4078 75.
338 4022 400 4078 adn.
418 4025 460 4079 74.
485 4055 518 4065 -
544 4026 570 4095 i)
587 4025 660 4080 Serv.
684 4026 718 4082 ad
741 4028 808 4080 Aen.
833 4025 860 4077 Ι.
885 4024 927 4089 92,
962 4023 1049 4078 Varro
1072 4023 1103 4076 L.
1121 4022 1152 4074 L.
1171 4018 1237 4082 Vll,
1262 4018 1303 4071 13.
1329 4050 1364 4057 -

226 4114 251 4180 8)
264 4126 341 4180 quem
353 4110 493 4168 Etruscam
512 4111 679 4182 disciplinam
697 4112 848 4167 exercuisse
864 4110 916 4166 iam
929 4124 1011 4179 supra
1023 4107 1230 4163 demonstratum
1243 4110 1285 4160 est
1297 4121 1324 4174 p.
1337 4107 1363 4160 8.
