2928 4874
706 309 871 405 *nam

228 494 373 575 quamvis
395 493 496 559 multa
517 493 650 576 antiqua
671 496 844 580 praecipue
864 494 951 580 apud
974 495 1149 560 Varronem
1172 493 1347 579 depreben-

107 606 111 609 '
227 596 351 689 damus,
374 601 515 662 attamen
537 618 601 664 non
624 598 733 664 dubito
755 599 831 681 quin
856 600 955 665 verba
977 598 1128 663 librorum
1144 598 1346 682 auguralium

227 699 324 764 etiam
346 699 443 766 multo
467 699 670 768 vetustiorem
693 721 807 768 sonum
829 701 1037 770 exhibuerint.
1081 702 1229 787 Exempli
1252 721 1354 767 causa

226 803 395 869 Liuianum
424 803 567 888 ‚Romae‘
596 804 713 890 affero,
743 804 828 887 quod
855 824 950 871 nemo
979 804 1039 871 erit
1069 804 1145 888 quin
1179 826 1200 870 a
1237 825 1349 890 regum

228 905 423 991 temporibus
445 906 585 973 alienum
608 927 679 974 esse
701 915 842 993 censeat,
864 908 978 992 quibus
1001 908 1070 974 sine
1092 906 1189 973 dubio
1213 908 1349 992 ,Romai‘

227 1008 485 1094 pronuntiabant,
508 1029 591 1092 quae
609 1010 714 1077 forma
729 1032 770 1077 ne
784 1011 891 1103 titulos
907 1011 1092 1095 Scipionum
1108 1030 1353 1078 commemorem

227 1115 278 1180 vel
300 1133 401 1196 usquc
424 1112 467 1178 ad
488 1112 682 1180 Lucretiana
703 1120 848 1199 tempora
869 1115 902 1205 ip
924 1134 985 1181 usu
1011 1114 1115 1181 fuerit.
1158 1112 1254 1199 Apud
1275 1115 1356 1181 Var-

227 1235 337 1283 ronem
361 1223 467 1282 autem
489 1215 522 1281 in
544 1215 682 1282 formula
704 1217 814 1302 templi
837 1218 957 1284 effundi
982 1218 1098 1303 legitur
1126 1217 1246 1302 ,lingua
1274 1238 1354 1283 nun·

228 1320 399 1404 cupavero‘
420 1320 565 1402 quamvis
587 1321 651 1387 illis
672 1321 869 1406 temporibus
891 1321 1005 1405 quibus
1027 1319 1108 1387 haec
1130 1320 1266 1387 formula
1282 1327 1355 1386 orta

228 1443 299 1489 csse
322 1421 433 1505 debet,
462 1422 602 1489 noudum
625 1423 733 1490 littera
756 1425 776 1491 d
799 1423 933 1490 ablativi
956 1424 1081 1490 abiecta
1103 1443 1175 1490 esse
1202 1425 1352 1509 potuerit.

226 1527 330 1608 Atque
355 1525 559 1591 confirmatur
580 1525 661 1594 haec
684 1528 792 1613 opinio
814 1526 1000 1613 Symmachi
1027 1526 1207 1627 testimopic
1235 1528 1290 1610 qui
1319 1528 1354 1592 in

227 1630 319 1715 epist.
355 1629 419 1713 111,
455 1629 505 1694 45.
543 1629 696 1697 librorum
734 1630 935 1717 auguralium
974 1630 1073 1696 verba
1112 1651 1183 1696 cum
1218 1631 1354 1696 Saliaris

227 1731 377 1798 carminis
399 1729 630 1818 duodecimque
652 1734 834 1800 tabularum
856 1732 984 1799 dicendi
1006 1754 1123 1820 genere
1146 1734 1318 1819 componit.

311 1835 416 1920 Pergo
439 1834 481 1900 ad
504 1855 576 1902 eam
598 1837 848 1923 appellationem
871 1856 935 1920 qua
950 1837 1021 1903 libri
1037 1836 1167 1922 quidam
1181 1838 1355 1922 augurales

227 1941 458 2006 commentarii
495 1940 707 2025 appellantur.
767 1941 950 2025 Disceptari
986 1960 1066 2006 sane
1102 1946 1206 2025 potest
1249 1947 1355 2005 utrum

229 2042 529 2108 commentariorum
551 2044 768 2129 appellatione
790 2042 877 2109 idem
902 2043 975 2109 libri
997 2043 1168 2127 augurales
1185 2041 1356 2126 dequibus

228 2143 326 2211 modo
358 2144 496 2211 diximus
526 2165 568 2210 an
599 2146 687 2211 aliud
716 2166 818 2232 genus
846 2147 997 2213 librorum
1026 2144 1275 2230 intellegendum
1303 2147 1355 2212 sit.

231 2249 278 2313 Ac
301 2248 438 2333 primurn
469 2248 598 2330 quidem
620 2248 657 2315 0.
680 2250 850 2316 Muellerus
859 2252 885 2333 ¹)
920 2249 1041 2315 nullum
1072 2247 1242 2314 discrimen
1271 2250 1355 2314 inter

231 2358 397 2434 utrumque
419 2370 521 2437 genus
543 2351 740 2419 intercedere
762 2352 863 2419 docet.
900 2353 1104 2419 Recentiores
1127 2358 1232 2417 autem
1254 2351 1356 2416 critici

234 2455 287 2537 qui
318 2454 379 2519 hac
416 2452 457 2519 de
494 2475 527 2521 re
564 2453 821 2542 disputaverunt,
857 2455 1094 2539 Ambroschiir)
1132 2454 1354 2520 auctoritatem

231 2557 332 2623 secuti
341 2555 374 2622 id
386 2556 557 2623 discrimen
566 2558 764 2625 intercedere
776 2559 1015 2643 contenderunt,
1026 2564 1060 2623 ut
1070 2558 1169 2640 libros
1182 2557 1353 2643 augurales

230 2660 431 2744 precationes
466 2659 620 2727 formulas
656 2668 891 2747 praeceptaque
927 2661 1085 2745 quaedam
1130 2660 1355 2744 antiquissima

230 2764 392 2830 continere
414 2769 595 2849 censerent,
623 2764 656 2828 in
681 2765 920 2831 commentariis
944 2772 1050 2832 autem
1077 2765 1165 2830 facta
1194 2763 1355 2846 quaedam

231 2865 488 2935 memorabiliora
517 2871 666 2933 enarrata
694 2866 794 2932 fuisse
822 2869 1004 2954 putarent³)
1040 2869 1151 2951 eisque
1180 2866 1354 2933 adsentior.

230 2969 397 3036 Adductus
433 2975 540 3036 autem
577 2989 648 3036 sum
684 2970 715 3035 in
747 2990 823 3049 ‚eam
861 2972 1050 3037 sententiam
1086 2971 1240 3057 imprimis
1280 2969 1354 3036 loco
1399 3008 1404 3017 ·

230 3075 385 3142 Serviano
407 3072 451 3139 ad
466 3076 545 3139 Aen.
569 3075 594 3157 Ι,
618 3074 712 3138 398.;
736 3074 836 3157 ,multi
851 3080 959 3140 tamen
974 3080 1122 3141 asserunt
1136 3093 1256 3160 cycnos
1271 3073 1356 3137 inter

231 3179 401 3265 augurales
424 3195 501 3244 aves
522 3197 587 3242 nou
609 3176 747 3243 inveniri
768 3197 870 3261 neque
892 3178 1098 3264 auguralibus
1119 3175 1356 3244 commentariis

232 3302 341 3349 corum
363 3301 479 3348 nomen
503 3278 634 3344 illatum.
679 3278 744 3346 Sed
766 3280 798 3346 in
820 3281 909 3347 libris
932 3281 1105 3348 reconditis
1135 3281 1251 3348 lectum
1282 3299 1356 3345 esse

231 3405 327 3471 posse
349 3382 523 3468 quamlibet
545 3402 638 3450 avem
662 3383 841 3469 auspicium
863 3386 1007 3451 attestari
1028 3384 1168 3451 maxime
1190 3382 1265 3467 quia
1287 3403 1355 3447 non

231 3489 401 3572 poscatur.‘
450 3486 518 3551 Iam
548 3506 646 3571 supra
675 3487 809 3572 exposui
836 3509 900 3555 non
930 3488 1002 3556 esse'
1031 3507 1162 3555 causam
1198 3506 1254 3552 eur
1290 3485 1353 3550 hoc
1457 3542 1458 3557 ,

231 3597 437 3674 praeceptum
461 3588 503 3655 ad
525 3589 624 3655 libros
646 3591 852 3682 Etruscorum
873 3591 1047 3658 referamus
1069 3590 1258 3677 praesertim
1280 3608 1353 3654 cum
1457 3572 1458 3609 ³

231 3697 300 3779 ipse
322 3692 453 3758 Servius
481 3691 524 3757 ad
550 3695 628 3759 Aen.
658 3695 705 3779 Π,
737 3695 808 3759 691.
839 3713 934 3778 quam
964 3695 1103 3761 maxime
1132 3693 1280 3780 apposite
1310 3691 1357 3756 ad

231 3802 374 3862 nostram
403 3797 593 3864 sententiam
622 3796 683 3863 hoc
712 3798 818 3882 ipsum
856 3804 1061 3883 praeceptum
1095 3798 1188 3881 quasi
1217 3796 1355 3861 Romani

300 4040 324 4106 1)
343 4037 380 4091 M.
398 4037 430 4091 Ε.
448 4037 489 4103 ΙΙ,
513 4054 538 4106 p.
557 4037 615 4091 122.
639 4066 673 4078 -·
694 4039 721 4106 2)
738 4038 801 4093 Ath.
820 4036 984 4102 Ambrosch„
1009 4037 1042 4093 dc
1065 4038 1147 4093 sacris
1169 4037 1243 4093 Rom.
1266 4035 1354 4098 libris.
1457 4110 1458 4115 ἵ

232 4124 340 4181 Vratisl.
359 4141 384 4194 p.
398 4123 438 4177 12.
457 4123 487 4177 ef.
507 4124 566 4178 adn.
580 4123 622 4176 52.
641 4152 674 4162 -—
691 4125 719 4192 3)
735 4124 766 4177 Ia
778 4124 808 4178 L.
821 4125 854 4179 Η,
873 4125 894 4191 Ι,
906 4125 964 4179 292.
990 4124 1092 4178 Teuffel
1105 4125 1138 4179 H.
1151 4125 1181 4179 L.
1194 4123 1238 4178 R?
1255 4140 1280 4191 p.
1293 4125 1354 4178 117.
1456 4204 1458 4209 ι
