2928 4874
567 327 732 436 Α

70 542 241 616 augurum
277 524 448 625 disciplina
483 528 662 595 consentit!
719 527 803 594 Dein
836 546 912 595 vero
950 522 1215 617 quandocumque

71 633 232 718 auspicia
254 639 386 718 captata
408 650 480 698 esse
502 632 544 697 ab
568 630 677 715 aliqua
699 631 782 697 caeli
802 638 895 716 parte
918 633 1066 701 audimus
1089 655 1216 722 semper

21 754 22 757 ’
73 737 123 801 ab
151 736 274 802 oriente
298 737 366 802 sole
388 738 519 820 captata
541 752 613 800 esse
635 733 811 800 traduntur.
856 735 1004 819 Namque
1026 737 1060 803 iri
1083 738 1244 822 inaugu-

72 838 211 905 ratione
233 838 362 921 quidem
384 857 538 923 augurem
562 837 716 904 orientem
738 856 850 904 versus
871 839 981 905 sedem
1004 840 1130 926 cepisse
1151 840 1217 908 iam

73 956 185 1027 supra
209 934 474 1008 ‘demonstratum
510 947 560 1008 est
569 944 605 1025 1).
657 941 739 1006 Tum
775 939 983 1026 imperatores
1019 942 1067 1009 ad
1099 943 1218 1012 bellum

75 1043 288 1128 profecturos
318 1046 359 1112 ab
391 1044 513 1110 oriente
543 1044 611 1111 sole
641 1042 795 1128 auspiciis
825 1065 957 1129 operam
992 1045 1071 1113 dare
1105 1046 1217 1114 solitos

76 1165 159 1213 csse
189 1147 288 1213 tradit
314 1147 444 1213 Cincius
474 1145 563 1231 apud
589 1146 722 1212 Festum
744 1146 833 1212 241.:
872 1146 1060 1233 Complures
1089 1157 1217 1217 nostros

76 1249 116 1314 in
134 1248 296 1334 Capitolio
320 1270 341 1315 a
361 1249 430 1316 sole
453 1249 575 1316 oriente
598 1249 752 1334 auspiciis
768 1269 899 1338 operam
915 1251 993 1318 darc
1009 1252 1132 1319 solitos‘
1147 1272 1216 1336 sqq.

77 1351 235 1434 Denique
257 1353 355 1419 etiam
378 1371 433 1419 eos
456 1354 510 1435 qui
526 1353 732 1437 magistratus
747 1352 865 1419 inirent
879 1355 922 1419 ad
938 1355 1092 1422 orientem
1107 1375 1218 1422 versos

80 1453 126 1521 de
151 1457 241 1522 caelo
264 1474 413 1524 servasse
434 1455 526 1522 testis
542 1461 591 1521 est
605 1454 741 1541 Dionys.
756 1455 830 1522 Hal.
846 1456 966 1541 antiqq.
981 1457 1072 1524 Rom.
1090 1459 1130 1543 ΙΙ,
1147 1460 1219 1541 53).

173 1559 324 1627 Attamen
346 1578 423 1626 vero
446 1557 509 1625 duo
532 1559 727 1644 gravissima
748 1566 780 1626 et
801 1558 1055 1627 luculentissima
1066 1562 1219 1629 Varronis

80 1661 271 1727 testimoniet
293 1663 508 1744 obstantque
530 1661 635 1728 minus
657 1661 691 1727 in
714 1661 803 1730 illam
833 1663 1026 1730 sententiam
1055 1663 1126 1731 sinc
1154 1664 1220 1730 ulla

84 1763 288 1831 dubitatione
310 1764 535 1831 concedamus.
577 1764 616 1830 In
637 1765 720 1832 libro
742 1765 827 1831 enirn
850 1765 959 1850 quinto
974 1766 1220 1852 'epistolicarum

84 1868 311 1950 quaestionum
327 1867 431 1935 Varro
451 1866 539 1953 apud
560 1868 752 1936 Fest33911·
776 1868 823 1936 sic
845 1868 924 1936 facit
944 1869 1058 1936 verba:
1094 1871 1124 1936 A
1146 1869 1221 1936 deo-

85 1991 158 2037 rum
181 1970 259 2038 sede
282 1990 354 2038 cum
375 1971 409 2036 in
431 1970 596 2038 meridiem
619 1977 746 2057 spectes
768 1970 854 2055 quod
883 1971 927 2037 ad
956 1971 1119 2039 sinistram
1147 1978 1222 2040 sunt

86 2081 199 2159 partes
232 2075 343 2141 mundi
379 2074 560 2141 exorientes
596 2074 639 2141 ad
677 2073 843 2141 dexteram
880 2074 1064 2141 occidentes
1100 2076 1220 2143 tactum

89 2177 229 2244 arbitror
249 2184 284 2243 ut
306 2177 438 2244 sinistra
459 2177 593 2244 meliora
614 2176 761 2264 auspicia
783 2198 879 2260 quam
901 2178 1036 2244 dextera
1058 2198 1130 2245 esse
1159 2179 1222 2245 exi-

89 2280 267 2346 stimentur.
296 2279 384 2347 idem
416 2281 485 2347 fere
521 2280 663 2347 sentiunt
691 2279 823 2347 Sinnius
853 2279 968 2365 Capito
1005 2288 1036 2347 et
1069 2280 1222 2348 Cincius!

88 2383 215 2450 Eodem
237 2383 320 2455 redit
342 2383 427 2468 quod
438 2383 539 2449 Varro
555 2383 590 2446 L.
608 2384 643 2447 L.
657 2381 728 2468 VII,
746 2386 773 2448 7.
796 2382 946 2451 caelestis
968 2383 1097 2467 quidem
1112 2382 1223 2469 templi

89 2492 201 2572 partes
224 2487 266 2552 ab
290 2485 411 2552 eisdem
434 2486 621 2571 regionibus
645 2484 851 2553 determinat:
878 2485 957 2552 Eius
979 2487 1090 2575 templi
1113 2492 1222 2572 partes

21 2665 22 2674 ξ
89 2596 241 2673 quattuor
262 2588 410 2655 dicuntur
431 2589 563 2655 sinistra
584 2590 626 2656 ab
649 2588 771 2656 oriente
794 2589 909 2655 dextra
923 2590 964 2655 ab
981 2609 1099 2656 occasu
1114 2588 1223 2655 antica

20 2753 22 2760 .
89 2692 135 2760 ad
157 2692 323 2759 meridiem
345 2692 472 2777 postica
498 2692 542 2758 ad
570 2691 840 2779 septentrionem!
883 2692 986 2760 Nemo
1014 2692 1098 2759 enim
1126 2691 1223 2758 facile

18 2793 19 2796 ’
90 2796 246 2864 Varronis
276 2795 458 2863 testimonia
487 2796 533 2861 ita
561 2793 728 2881 explicarit
756 2801 791 2861 ut
818 2795 953 2862 alterum
982 2795 1027 2861 ad
1053 2796 1222 2861 Etruscam

91 2899 296 2984 disciplinam
324 2898 444 2965 referat
472 2900 608 2965 alterum
638 2896 682 2964 ad
711 2898 850 2965 caeleste
879 2898 1033 2983 templum
1064 2900 1224 2983 pertinere

22 3024 24 3033 *
92 3007 234 3070 censeat.
286 3001 413 3068 Etenim
449 3002 483 3068 in
519 3002 626 3086 priore
662 3000 733 3067 loco
762 3001 918 3067 Etruscae
955 2999 1147 3087 disciplinae
1184 3016 1225 3066 ne

22 3124 26 3135 ”
92 3105 264 3190 vestigium
287 3104 415 3189 quidem
438 3104 574 3190 adparet
595 3102 629 3169 in
658 3103 835 3188 posteriore
863 3103 971 3170 facere
999 3124 1064 3170 non
1093 3122 1225 3190 possum

93 3210 171 3292 quin
193 3206 291 3274 aliam
314 3207 462 3275 caelestis
485 3206 596 3293 templi
625 3207 781 3273 rationem
811 3206 912 3274 subse
941 3227 1037 3291 quam
1066 3207 1225 3275 terrestris

23 3386 26 3391 „
94 3332 193 3396 quam
215 3311 395 3398 aegerrime
423 3309 609 3378 concedam.
653 3309 765 3393 Itaque
792 3310 826 3376 ni
855 3310 921 3377 alia
951 3311 1064 3377 melior
1092 3311 1147 3378 via
1175 3331 1226 3376 ex-

18 3483 19 3488 ,
94 3414 240 3500 plicandi
262 3415 386 3499 patebit
407 3412 441 3479 id
463 3414 743 3501 solum'superest
769 3418 805 3480 ut
834 3413 868 3479 in
898 3413 1037 3481 comitiis
1065 3412 1225 3480 habendis

95 3538 179 3601 quae
209 3516 355 3602 ausplcia
386 3518 457 3584 sola
485 3516 554 3582 fere
583 3522 705 3583 restant
733 3515 831 3582 aliam
869 3517 1024 3583 rationem
1061 3536 1157 3600 quam
1190 3515 1225 3580 in

19 3610 21 3675 Ῐ
94 3620 210 3688 ceteris
231 3620 332 3688 fuisse
354 3620 553 3706 suspicemur
575 3624 672 3702 atque
694 3620 739 3686 ita
761 3618 890 3703 quidem
913 3626 948 3685 ut
965 3639 1029 3685 non
1046 3620 1088 3685 ab
1104 3619 1227 3685 oriente

20 3712 24 3769 f
96 3724 166 3792 sole
195 3724 253 3791 sed
282 3746 303 3790 a
333 3722 513 3790 meridiana
542 3722 674 3807 regione
704 3721 851 3808 auspicia
884 3728 1034 3808 captasse
1064 3722 1227 3789 Romanos

96 3846 301 3894 conrcramus.

167 3984 193 4049 1)
210 3980 316 4049 Fragm.
329 3978 377 4046 XI,
395 3995 455 4050 pag.
467 3980 508 4035 23,
527 4009 559 4019 -
577 3981 604 4049 2)
620 3978 679 4036 Hac
696 3978 796 4036 rituum
813 3977 990 4050 discrepantia
1008 3979 1157 4036 luculenter
1168 3994 1228 4049 per-

26 4140 30 4155 J
98 4067 209 4138 spicitur
225 4082 317 4122 verum
334 4080 393 4122 esse
411 4066 482 4136 quod
500 4081 582 4135 supra
598 4083 625 4136 p.
644 4065 667 4119 t.
685 4067 840 4135 auguralem
863 4065 1030 4136 disciplinam
1048 4066 1229 4122 Romanorum

25 4164 28 4167 “
95 4155 129 4211 ab
147 4152 269 4208 Etruscis
286 4152 404 4222 pendere
422 4153 525 4221 negavi.
584 4190 588 4199 ,

978 4239 1018 4291 4ᾓ
