2928 4874
683 320 869 418 m„

227 504 363 571 formula
387 504 531 573 sollemni
553 506 685 594 fiebat1)
706 508 951 594 inauguratione
973 508 1112 593 priorem
1133 506 1233 574 fuisse
1258 505 1354 571 nullo

224 609 406 676 testimonio
427 609 546 676 nititur.
590 612 691 679 Immo
713 613 855 679 cumnis
877 611 970 679 huius
992 609 1148 678 formulae
1176 630 1217 677 ea
1243 609 1292 675 sit
1315 613 1358 673 et

227 713 318 798 virgo
340 712 478 780 Vestalis
501 715 737 804 mancipatione
758 715 896 799 quadam
920 736 958 782 ex
980 717 1080 802 patris
1111 718 1268 801 potestate
1298 730 1357 777 ex·

227 823 282 883 eat
302 816 335 882 in
358 815 502 901 deaeque
523 825 714 904 potestatem
729 821 901 904 trauseat²l
917 840 1021 905 paene
1036 838 1143 905 perse
1158 811 1358 900 intellegitur

225 921 286 986 hoc
315 920 384 1005 fierl
412 941 477 986 non
505 922 648 1008 potuisse
677 923 739 991 nisi
769 923 829 991 deo
859 924 928 990 sive
956 923 1020 989 dea
1048 928 1122 990 ante
1151 919 1360 1006 adprobante

229 1031 324 1108 atque
347 1024 575 1091 consentiente.
618 1028 666 1093 Ac
687 1047 729 1093 ne
748 1026 938 1094 Mommseni
960 1026 1118 1093 sententia
1140 1045 1204 1109 qua
1233 1021 1361 1109 captio-

226 1148 300 1194 nem
323 1135 353 1196 ct
379 1127 659 1214 inaugurationem
686 1129 772 1197 idem
802 1116 876 1197 esse
901 1130 1012 1198 statuit
1040 1149 1118 1196 vera
1132 1147 1218 1194 resse
1246 1130 1359 1213 potest

227 1252 299 1297 cum
337 1250 358 1296 a
386 1231 455 1296 Liv.
487 1232 627 1319 XXVII,
660 1234 688 1299 8.
717 1234 748 1299 4.
786 1233 989 1321 inauguratio
1026 1253 1047 1299 a
1081 1231 1229 1317 captione
1263 1226 1359 1314 apud

226 1334 373 1401 flamines
403 1334 532 1418 quidem
562 1337 668 1403 verbis
695 1337 802 1424 planis
833 1343 1007 1425 separetur.
1030 1374 1072 1384 -
1093 1336 1183 1401 Haec
1213 1332 1357 1399 formula

227 1437 399 1503 adserendi
420 1437 498 1504 mihi
520 1459 651 1524 prorsus
674 1461 713 1506 ex
735 1441 849 1508 eodem
870 1440 995 1507 videtur
1017 1441 1089 1507 esse
1110 1457 1228 1525 genere
1256 1442 1358 1518 atque

227 1530 524 1626 regis‘declarandi
545 1544 684 1612 formula
705 1564 803 1627 quam
826 1544 894 1610 Liv.
910 1543 935 1629 Ι,
959 1545 1007 1609 18.
1031 1542 1200 1628 significat.
1224 1538 1357 1605 —Sed

229 1650 371 1711 revertor
393 1645 436 1710 ad
451 1646 665 1733 fragmentum
679 1646 878 1733 propositum
894 1646 979 1731 quod
994 1645 1072 1712 milri
1087 1645 1214 1729 quidem
1229 1643 1360 1709 videtur

230 1746 274 1811 ad
294 1747 510 1833 inaugurandi
533 1771 662 1818 carmen
684 1750 886 1818 referendum
910 1771 992 1817 esse.
1033 1748 1126 1829 Quod
1148 1753 1254 1814 autem
1276 1745 1360 1812 dicit

229 1850 272 1934 ‚si
293 1850 372 1915 mihi
393 1857 504 1919 auctor
526 1874 562 1921 es
582 1855 687 1922 verbi‘
711 1855 846 1920 adeum
869 1853 963 1920 deum
986 1854 1054 1920 sive
1085 1852 1127 1919 ad
1157 1872 1228 1918 eam
1259 1849 1358 1915 deam

229 1954 332 2021 refero
369 1954 418 2020 oui
456 1956 490 2021 in
526 1957 650 2024 Vestali
685 1957 809 2043 virgine
849 1955 1075 2043 inauguranda
1118 1953 1356 2042 supplicabant.

229 2058 378 2141 Namque
407 2058 504 2126 etiam
533 2061 621 2146 apud
650 2061 811 2145 Liuiumfl)
843 2059 896 2126 dei
926 2060 967 2126 ab
1003 2059 1178 2144 auguribus
1214 2056 1360 2123 invocati
1397 2132 1403 2141 ,

230 2168 376 2230 auctores
407 2183 478 2229 esse
506 2163 742 2247 praedicantur.
771 2203 812 2212 -
838 2164 1013 2247 Postquam
1042 2164 1125 2229 haec
1153 2161 1194 2227 de
1223 2160 1360 2246 inaugu-

233 2265 357 2333 ratione
381 2267 585 2352 exposuimus
606 2274 706 2343 restat
727 2274 761 2334 ut
782 2287 894 2353 pauca
910 2266 950 2334 de
970 2265 1221 2351 exauguratione
1236 2263 1360 2330 adicia-

231 2388 310 2434 mus.
365 2370 403 2434 In
439 2370 581 2436 locorum
609 2371 922 2457 ¹exaugurationibus
960 2389 1070 2436 omnes
1108 2368 1311 2436 consentiunt
1319 2368 1357 2451 4).

230 2470 403 2537 Hominum
433 2479 540 2540 autem
570 2475 837 2561 exaugurationes
873 2474 901 2541 si
935 2478 1021 2540 recte
1056 2472 1161 2539 iudico
1191 2471 1358 2556 Rubino⁶)

230 2573 357 2640 videtur
377 2596 441 2642 non
465 2576 644 2645 admisisse.
689 2581 786 2647 Recte
812 2598 888 2644 vero
916 2578 1025 2644 statuit
1045 2577 1180 2661 Marq.⁶)
1209 2575 1358 2641 flamines
1387 2656 1394 2665 κ

230 2677 371 2764 virgines
408 2679 555 2751 Vestales
592 2681 762 2764 Saliosque
799 2681 896 2746 etiam
933 2680 1125 2765 exaugurari
1168 2679 1309 2766 potuisse
1318 2679 1357 2761 7).

232 2782 305 2848 Non
327 2782 431 2850 minus
453 2789 559 2852 autem
581 2805 678 2868 quam
699 2784 954 2869 inaugurationis
977 2784 1073 2849 etiam
1095 2781 1358 2867 exaugurationis

232 2905 360 2952 carmen
382 2887 537 2953 sollemne
559 2887 684 2954 videtur
706 2887 851 2972 fuisset).
868 2886 1032 2953 —Tertio
1055 2887 1107 2953 die
1129 2891 1204 2953 ante
1225 2885 1359 2969 inaugu-

235 2988 353 3056 randus
377 2989 495 3057 adesse
517 2990 685 3058 iubebatur
707 3011 791 3075 quae
820 2991 945 3077 species
974 2990 1137 3076 auguralis
1167 2988 1358 3074 ‚condictio‘

233 3092 456 3179 appellabatur
477 3100 558 3161 teste
581 3094 691 3161 Servio
713 3094 757 3160 ad
778 3096 857 3161 Aen.
880 3095 944 3178 III,
970 3097 1039 3160 ΙΙΙ,
1070 3094 1110 3161 ci.
1132 3092 1221 3160 Paul.
1250 3113 1281 3177 p.
1305 3092 1358 3156 66.

317 3196 446 3282 Fragm.
467 3197 527 3263 XV
542 3229 582 3251 =
599 3198 700 3264 Varro
723 3198 765 3264 de
786 3199 823 3266 L.
847 3198 883 3264 L.
900 3198 970 3283 vll,
993 3200 1029 3263 8:
1067 3198 1101 3264 in
1123 3197 1215 3264 terris
1239 3196 1360 3262 dietum

232 3301 386 3387 templum
407 3301 495 3367 locus
511 3300 639 3386 augurii
654 3307 709 3368 aut
723 3300 860 3387 auspicii
876 3321 975 3370 causa
990 3300 1179 3385 quibusdam
1195 3297 1361 3383 conceptis

233 3404 339 3470 verbis
370 3403 486 3471 finitus.
539 3403 722 3489 concipitur
749 3404 856 3472 verbis
886 3427 952 3472 non
981 3404 1082 3471 isdem
1120 3419 1361 3486 usquequaque.

235 3508 273 3571 In
287 3508 370 3573 Aroe
393 3507 455 3573 sic:
481 3511 614 3589 ‚templa
635 3515 788 3591 tesoaqne
809 3526 863 3577 mc
884 3511 931 3576 ita
954 3515 1054 3576 sunto
1074 3509 1179 3592 quoad
1193 3523 1254 3589 ego
1268 3510 1362 3572 caste

236 3614 348 3694 lingua
370 3629 612 3692 nuncuparem.
658 3615 735 3680 blla
759 3618 848 3681 veter
877 3616 972 3681 arbos
1002 3614 1150 3696 quinquis
1178 3615 1229 3678 est
1259 3626 1361 3692 quam

309 3802 334 3868 1)
352 3801 386 3855 ib.
405 3830 438 3838 —
456 3800 483 3869 2)
500 3800 532 3855 cl.
544 3800 672 3870 Bbcking.
684 3800 768 3856 Paud.
780 3802 802 3864 Ι,
814 3800 872 3854 217.
890 3829 923 3840 --
940 3801 1090 3870 3)v11,3a.
1107 3800 1154 3866 ΙΧ,
1166 3796 1206 3853 14.
1224 3795 1259 3860 Χ,
1270 3796 1313 3849 40.
1326 3824 1361 3835 -

237 3887 264 3955 4)
280 3887 338 3943 Liu.
356 3887 383 3953 Ι,
401 3886 443 3941 55.
461 3885 493 3941 cf.
511 3886 582 3942 Fest.
601 3887 679 3942 162¹).
704 3917 736 3925 —
761 3887 787 3956 5)
803 3886 835 3941 R.
853 3887 880 3940 ll.
899 3887 939 3941 71.
962 3915 996 3926 -
1020 3887 1046 3956 6)
1066 3886 1098 3941 Β.
1115 3886 1151 3941 Μ.
1175 3885 1221 3947 IV,
1243 3883 1302 3938 352.
1326 3910 1361 3923 -—

238 3974 263 4040 7)
280 3972 346 4026 Inde
363 3980 475 4042 apparet
492 3987 539 4028 cur
556 3972 610 4027 Cic.
629 3973 662 4028 de
680 3973 730 4042 leg.
747 3974 788 4040 11,
805 3974 830 4028 8.
849 3973 889 4028 20.
925 3973 1031 4028 Dixerit
1048 3973 1258 4039 ‚meemotesqne
1275 3985 1362 4039 augu-
1395 4024 1407 4043 .

238 4064 346 4135 ranto‘„
361 4058 505 4128 Spectabat
521 4058 635 4116 fortasse
652 4064 680 4115 et
697 4060 731 4115 ad
747 4060 978 4127 inaugurationem
989 4064 1018 4114 et
1029 4058 1063 4114 ad
1075 4059 1315 4128 exaugurationem.
1330 4089 1364 4100 -

237 4145 265 4211 8)
284 4145 347 4214 Cap.
366 4147 431 4200 Aur.
449 4161 469 4199 c.
488 4145 533 4210 IV.
