2928 4874
776 306 816 368 12

235 496 300 564 iam
328 496 362 561 in
393 494 541 562 manibus
570 494 620 561 Ei.
650 494 831 582 Sempronii
860 495 1000 563 Gracchi
1036 495 1179 580 essent1)
1216 492 1365 559 nonita

235 599 368 665 multum
390 620 411 668 a
432 619 507 666 uero
530 598 750 667 aberrabimus
772 599 895 686 sipost
917 599 1035 666 bellum
1049 597 1205 663 Punicum
1223 596 1363 681 primum

236 722 291 768 eos
313 703 347 768 in
369 723 468 770 unum
490 701 775 788 corpus‘redactos
798 722 871 769 esse
894 702 1060 786 editosque
1081 706 1265 769 statuemus.
1310 699 1363 765 Ad

236 807 368 874 eosdem
389 806 489 874 libros
512 805 684 891 augurales
707 806 785 872 mihi
808 805 937 889 quidem
958 806 1085 871 videtur
1106 803 1276 872 referenda
1291 822 1365 870 esse

234 913 477 999 reconditorum
491 914 650 978 librorum
665 909 839 996 appellatio
855 909 942 994 apud
954 909 1019 975 Cio.
1037 908 1093 993 (de
1108 908 1192 975 dom.
1203 907 1272 992 XV,
1289 908 1362 992 39):

174 1050 176 1067 ι
204 1016 210 1035 “
234 1013 346 1098 ‚Venio
369 1015 411 1080 ad
434 1033 573 1099 augures
595 1032 729 1096 quorum
752 1033 813 1099 ego
835 1014 934 1079 libros
957 1013 984 1079 si
1007 1013 1061 1097 qui
1092 1017 1166 1079 sunt
1194 1009 1362 1096 reconditi,

233 1137 298 1182 non
321 1121 469 1204 scrutor,‘
492 1124 523 1184 et
545 1116 631 1203 apud
647 1116 793 1183 Servium
809 1115 866 1203 (ad
881 1117 960 1183 Aen.
976 1118 1002 1200 l,
1025 1117 1116 1198 398);
1139 1115 1239 1200 ,multi
1253 1121 1364 1181 tamen

41 1286 44 1289 .
123 1298 125 1301 v
237 1227 385 1287 asserunt
407 1242 527 1307 cycnos
556 1221 639 1288 inter
667 1221 840 1306 augurales
878 1221 949 1287 avis
985 1241 1050 1286 non
1088 1218 1224 1285 inveniri
1258 1236 1365 1301 neque

130 1350 131 1353 ¹
233 1325 441 1409 auguralibus
470 1324 706 1393 commentariis
737 1345 846 1393 eorum
884 1340 1000 1390 nornen
1036 1323 1170 1389 illatum.
1221 1320 1287 1387 Sed
1327 1321 1364 1386 in

234 1426 325 1493 libris
348 1427 520 1518 reconditis
543 1428 660 1495 lectum
682 1448 754 1495 esse
775 1446 873 1514 posse
888 1427 1062 1510 quamlibet
1077 1445 1170 1491 avem
1184 1424 1364 1509 auspicium

236 1531 381 1597 attestari
409 1531 548 1598 maxime
579 1533 741 1616 quianon
768 1532 940 1618 poscatur!
990 1531 1038 1596 Ac
1065 1530 1201 1615 primum
1232 1527 1365 1611 quidem

235 1633 320 1716 quod
348 1633 391 1699 ad
419 1655 537 1703 nomen
565 1634 800 1707 reconditorum
823 1635 950 1719 attinet,
981 1654 1045 1700 non
1075 1632 1169 1716 quasi
1198 1629 1364 1717 proprium

235 1735 278 1801 ad
300 1757 398 1815 unum
421 1744 541 1805 certum
562 1758 665 1824 genus
687 1739 850 1823 librorum,
873 1736 906 1802 in
923 1757 986 1820 qua
1002 1735 1162 1803 sententia
1175 1733 1270 1801 video
1288 1753 1363 1800 esse

234 1840 420 1906 Muellerum
428 1843 465 1928 2),
482 1841 540 1908 sed
556 1842 600 1908 ad
615 1843 792 1928 complures
807 1841 889 1908 varii
904 1840 1085 1924 argumenti
1099 1839 1198 1905 libros
1213 1837 1363 1922 pertinet.

236 1942 362 2008 Etenim
385 1944 516 2011 Seruius
538 1944 629 2010 libris
652 1946 845 2029 quibusdam
866 1942 1039 2011 reconditis
1069 1946 1279 2027 praeceptum
1304 1940 1364 2006 ali-

236 2045 322 2127 quod
351 2047 474 2132 tribuit,'
511 2046 596 2131 quod
624 2068 755 2132 prorsus
785 2069 806 2114 a
833 2048 980 2114 Romana
1011 2045 1183 2130 disciplina
1219 2044 1363 2109 alienum

234 2149 377 2216 Etruscis
400 2151 489 2217 libris
512 2150 740 2218 vindicandum
763 2159 824 2219 est:
848 2150 892 2218 ad
913 2151 992 2216 Aen.
1015 2150 1046 2214 ΙΙ
1053 2199 1061 2233 ,
1086 2150 1163 2214 649:
1192 2146 1265 2232 ,tria
1287 2154 1364 2213 sunt

234 2253 402 2319 fulminum
426 2274 546 2339 genera
567 2260 616 2321 est
638 2255 724 2337 quod
746 2255 839 2323 adlat
859 2255 945 2339 quod
961 2251 1116 2321 ¹incendit
1145 2243 1233 2335 quod
1260 2251 1362 2318 findit.

234 2354 321 2423 Sane
350 2356 391 2423 de
419 2358 604 2425 fulminibus
634 2357 695 2426 hoe
723 2360 876 2445 scriptum
906 2357 939 2422 in
974 2355 1147 2423 reconditis
1183 2355 1362 2422 invenitur:

234 2458 349 2543 quodsi
377 2481 470 2545 quem
492 2462 671 2548 principem
694 2462 831 2530 civitatis
853 2462 905 2529 vel
926 2480 1038 2546 regem
1057 2460 1177 2526 fulmen
1200 2458 1364 2526 afflaverit

234 2570 266 2629 et
294 2565 519 2650 supervixerit,
555 2571 701 2651 posteros
729 2563 797 2630 eius
833 2565 957 2632 nobiles
986 2564 1110 2631 futuros
1142 2569 1176 2628 et
1209 2567 1363 2629 aeternae

236 2666 380 2751 gloriae‘
429 2669 677 2737 Reconditorum
706 2667 858 2735 librorum
886 2687 1003 2733 nornen
1025 2665 1173 2732 Valerius
1202 2665 1362 2732 Maximus

233 2772 264 2854 I,
295 2772 353 2836 Κλ.-
375 2771 472 2841 refert
502 2772 545 2838 ad
573 2769 773 2857 pontificales
801 2770 917 2836 libros:
946 2770 990 2854 ‚in
1020 2770 1124 2835 altera
1153 2769 1259 2856 (area)
1286 2768 1362 2836 libri

234 2872 391 2940 reconditi
413 2882 505 2942 erant
526 2881 647 2960 septem
670 2872 711 2939 de
733 2873 801 2939 iure
823 2871 1027 2958 pontificum}
1070 2873 1244 2958 Perperam
1266 2872 1363 2958 igitur

236 2977 420 3044 Muellerus
437 2979 470 3044 ll.
501 2976 683 3045 reconditos
712 2976 809 3043 libros
838 2974 1045 3043 Etruscorum
1074 2976 1265 3060 disciplinae
1301 2976 1363 3043 soli

235 3080 379 3148 vindicat
412 3083 454 3148 ab
483 3081 699 3165 Romanisque
727 3080 903 3168 auguribus
934 3080 967 3144 in
996 3080 1091 3146 rebus
1128 3077 1360 3146 difficilioribus

234 3191 358 3251 tantum
394 3184 499 3252 aditos
537 3203 609 3251 esse
646 3206 701 3253 eos
736 3185 904 3252 coniectat.
965 3182 1047 3247 Huic
1089 3181 1267 3248 sententiae
1311 3182 1362 3248 vel

234 3295 412 3381 propterea
437 3288 588 3355 assentiri
621 3308 744 3372 nequeo
780 3287 866 3372 quod
900 3288 1116 3353 Romanorum
1156 3283 1360 3370 disciplinam

238 3393 325 3459 nullo
348 3392 444 3460 modo
467 3412 507 3459 ex
529 3390 672 3459 Etruscis
694 3391 784 3457 libris
806 3389 1000 3478 pependisse
1021 3390 1087 3455 iam
1102 3408 1201 3475 supra
1215 3391 1361 3457 euincere

236 3496 352 3563 studui.
398 3496 532 3563 Accedit
553 3494 639 3579 quod
662 3515 682 3560 a
705 3494 818 3561 Servio
847 3495 908 3561 hoc
938 3499 1145 3579 praeceptum
1173 3493 1359 3560 nominatim

235 3600 373 3665 Romani
395 3599 493 3666 moris
516 3599 616 3666 luisse
643 3598 795 3666 traditur:
826 3597 869 3662 ad
890 3596 970 3663 Aen.
993 3597 1057 3682 III,
1086 3596 1143 3660 69:
1173 3597 1360 3676 ‚secundum

236 3704 452 3771 Romanorum
474 3723 594 3770 morem
615 3703 695 3790 petit
716 3707 751 3768 ut
771 3701 844 3767 uisa
864 3699 1045 3766 firmentur..
1073 3702 1147 3768 Non
1163 3702 1247 3767 enim
1262 3719 1358 3767 unum

237 3807 406 3893 augurium
428 3807 549 3875 vidisse
570 3806 705 3891 sufficit,
726 3805 797 3871 nisi
827 3803 1029 3871 confirmetur
1057 3823 1097 3870 ex
1125 3804 1231 3871 simili.
1276 3805 1358 3870 Nam

280 4048 335 4190 M}
353 4046 497 4188 primm
518 4047 710 4104 Ambrosohius
731 4046 758 4101 ll.
782 4046 843 4102 adn.
865 4046 900 4101 43
923 4045 957 4102 de
979 4044 1175 4103 commentariis
1198 4045 1301 4115 cogitat
1325 4072 1356 4083 -

237 4134 263 4201 2)
337 4174 343 4189 .
392 4134 476 4202 ‚113.
