2928 4874
211 453 310 518 durch
340 451 399 518 das
429 451 556 536 canza
594 451 670 519 dass
700 452 805 520 dieser
831 452 995 529 Tuskisch
1024 454 1082 538 ist,
1121 454 1254 521 beweist
1283 452 1338 519 die

210 554 361 640 folgende
383 555 606 641 Darstellung‘
629 556 780 624 concidat
802 575 935 623 necesse
957 563 1013 622 est}
1057 558 1206 640 Namque
1234 556 1340 621 taber·

157 662 159 667 ’
212 660 329 725 nacula
350 656 430 724 nihil
452 666 526 724 sunt
553 660 616 725 nisi
644 661 765 746 templa
794 660 963 747 minora1).
1008 660 1151 746 Apparet
1177 659 1275 745 igitur
1304 659 1339 723 in

211 762 419 830 tabernaculo
442 762 600 848 capiendo
622 762 657 829 id
687 771 735 829 est
764 764 798 828 in
826 765 946 849 templu
976 763 1104 831 effando
1133 781 1225 828 usum
1248 763 1339 828 Etru-

211 886 338 934 scorum
361 867 402 932 ab
424 884 485 932 usu
506 867 726 933 Romanorum
746 866 909 934 diversum
931 867 1040 933 fuisse.
1078 866 1226 933 Ceterum
1246 864 1339 931 utin
1361 930 1364 931 γ

210 970 272 1037 hoc
294 969 413 1054 templo
441 970 549 1055 paullo
579 969 696 1037 diutius
727 991 919 1056 commorer,
950 971 1046 1037 etiarn
1075 971 1109 1036 in
1137 990 1175 1037 eo
1204 973 1340 1052 utraque

212 1073 384 1159 disciplina
413 1072 542 1139 diversa
570 1074 696 1165 videtur
730 1093 802 1142 esse
836 1073 923 1158 quod
950 1074 1087 1143 Romani
1122 1072 1268 1139 homines
1305 1072 1341 1138 ui

212 1177 321 1244 omnia
349 1196 401 1242 me
432 1175 562 1261 fallunt,
600 1177 633 1243 in
664 1178 783 1264 templo
812 1177 941 1245 effando
970 1177 1158 1263 legibusque
1192 1174 1340 1241 dicendis

214 1282 366 1349 edentem
388 1296 500 1346 versus
523 1288 670 1364 spectare
693 1282 841 1348 solebant
852 1281 877 1367 2)
892 1281 1018 1347 Etrusci
1040 1279 1204 1347 meridiem
1226 1298 1340 1345 versus

211 1386 426 1453 intuebantur.
469 1385 555 1453 Nam
584 1387 675 1451 Attus
697 1385 820 1451 Navius
851 1383 979 1467 quidem
1010 1404 1103 1468 quem
1132 1385 1339 1451 Etruscorum

212 1487 418 1572 disciplinam
448 1487 629 1555 exercuisse
657 1510 697 1555 ex
726 1508 764 1554 eo
794 1488 951 1554 evincitur
980 1488 1066 1571 quod
1095 1487 1137 1553 ad
1166 1507 1262 1553 uvam
1293 1486 1342 1551 in-

213 1590 405 1658 veniendam
429 1590 553 1657 caelum
574 1592 608 1656 in
631 1591 772 1657 sedecim
793 1598 901 1677 partes
924 1590 1033 1657 divisit
1060 1591 1139 1676 (Cic.
1163 1591 1203 1657 de
1226 1591 1290 1657 div.
1314 1593 1341 1675 Ι,

214 1697 263 1761 17.
292 1695 359 1779 31.)
391 1694 425 1759 id
462 1693 782 1776 quodEtruscorum
817 1695 981 1781 proprium
1019 1700 1087 1761 crat
1121 1692 1175 1778 (de
1204 1694 1267 1761 div.
1297 1694 1341 1779 ΙΙ,

215 1799 263 1863 18.
287 1797 354 1884 42.)
377 1817 398 1862 a
419 1795 574 1863 Cicerone
596 1798 628 1865 ll.
652 1799 818 1864 meridiem
839 1817 951 1865 versus
974 1797 1170 1884 spectavisse
1193 1798 1338 1863 traditur.
1369 1798 1372 1804 '

212 1901 261 1966 Ti.
299 1906 405 1966 autem
434 1900 614 1987 Sempronii
650 1886 834 1967 testimonio
870 1920 1023 1968 assensus
1060 1906 1108 1966 est
1143 1901 1184 1966 M.
1215 1901 1341 1967 Tullius

213 2004 326 2070 Cicero
349 2004 423 2070 item
447 2025 557 2090 augur.
588 2006 737 2087 Namque
759 2004 793 2070 in
816 2003 953 2089 epistola
974 2004 1018 2070 ad
1034 2003 1208 2071 Caecinam
1231 2002 1344 2089 datassl

215 2127 310 2191 quem
325 2108 481 2175 Etruscae
502 2107 693 2193 disciplinae
716 2106 981 2174 studiosissimum
1005 2107 1105 2174 fuisse
1127 2112 1237 2174 notum
1260 2108 1342 2194 ests)
1387 2183 1406 2213 ι

214 2213 314 2278 verba
335 2211 414 2279 facit
435 2212 467 2276 in
491 2211 576 2276 hunc
603 2211 746 2278 modum:
785 2231 864 2296 ,non
892 2211 989 2295 igitur
1018 2230 1059 2276 ex
1087 2210 1172 2276 alitis
1199 2210 1343 2276 involatu

215 2334 274 2381 nec
297 2336 315 2381 e
337 2322 434 2381 cantu
456 2315 584 2382 sinistro
608 2314 726 2382 oscinis
749 2314 839 2380 utin
866 2322 976 2381 nostra
1003 2314 1176 2399 disciplina
1205 2321 1254 2381 est
1282 2335 1343 2380 nec

216 2440 256 2485 ex
278 2417 426 2503 tripudiis
449 2418 614 2485 solistimis
637 2424 692 2484 aut
714 2417 849 2484 soniviis
864 2418 922 2484 tibi
937 2420 1096 2504 auguror!
1133 2417 1232 2483 Suam
1247 2418 1344 2503 igitur

215 2523 255 2589 ie.
286 2522 465 2588 Romanam
495 2521 698 2606 disciplinam
729 2522 935 2588 Etruscorum
973 2520 1164 2608 disciplinae
1199 2522 1342 2606 opponit.

216 2626 305 2692 Idem
329 2625 441 2691 Cicero
464 2626 520 2709 <de
543 2624 607 2689 div.
630 2624 655 2710 Ι,
678 2625 729 2690 33.
747 2625 813 2707 72.)
836 2643 912 2690 suos
933 2624 968 2689 id
991 2630 1040 2690 est
1061 2626 1223 2691 Romanos
1245 2625 1345 2691 libros

217 2729 389 2813 augurales
412 2729 454 2795 ab
475 2728 682 2795 Etruscorum
709 2733 741 2793 et
770 2726 984 2812 haruspiciuis
1013 2733 1045 2794 et
1071 2727 1284 2814 fulguralibus
1314 2735 1346 2795 et

217 2832 385 2898 ritualibus
406 2831 497 2899 libris
520 2831 626 2898 verbis
649 2830 756 2915 planis
778 2838 918 2917 separat.
955 2829 1070 2897 Adicio
1093 2831 1230 2914 denique
1245 2851 1345 2897 unum

218 2936 332 3001 saltem
355 2935 533 3020 exemplum
558 2935 704 3018 quamvis
727 2935 824 3000 etiarn
853 2934 945 3020 plura
974 2934 1081 3001 afferri
1109 2934 1250 3022 possint,
1280 2955 1344 3018 quo

219 3038 382 3120 utriusque
411 3037 602 3122 disciplinae
632 3037 848 3123 discrepantia
876 3037 1029 3104 illustrari
1057 3039 1168 3124 possit.
1218 3039 1345 3106 Etrusci

219 3141 304 3208 enim
319 3162 383 3207 non
398 3142 503 3227 magis
519 3161 616 3224 quam
627 3141 763 3207 Romani
775 3142 883 3208 avium
896 3141 1150 3209 observationem
1163 3143 1347 3227 neglexisse

218 3244 375 3312 videntur.
419 3245 583 3312 Evincitur
604 3245 665 3311 hoc
692 3265 764 3312 cum
793 3261 833 3311 ex
860 3265 901 3311 co.
925 3244 1011 3328 quod
1032 3247 1125 3312 Attus
1146 3246 1270 3312 Navius
1298 3265 1346 3314 se·

219 3348 359 3414 cundum
380 3347 515 3435 Dionys.
539 3349 597 3433 Ill,
622 3350 672 3414 70.
695 3348 838 3414 Etruscis
860 3348 996 3414 traditur
1016 3349 1074 3433 τὴν
1095 3350 1347 3435 οἰωνοσκοπικὴν

220 3451 503 3536 διδοχθησόμενος
524 3457 591 3518 tum
613 3472 653 3518 ex
675 3471 713 3518 eo
734 3451 819 3534 quod
835 3451 1017 3518 Umbricius
1032 3450 1237 3520 Etruscorum
1254 3453 1346 3520 haru-

221 3555 343 3640 spicum
365 3555 577 3640 peritissimus
600 3555 776 3622 secundum
798 3555 968 3643 Plinium⁵)
991 3556 1086 3622 etiam
1108 3558 1289 3623 accuratius
1312 3560 1347 3624 in

221 3658 329 3725 avium
353 3657 593 3725 observatarum
616 3664 763 3724 naturam
786 3658 911 3725 videtur
925 3658 1139 3743 inquisivisse.
1177 3661 1215 3726 In
1231 3662 1346 3728 avibus

221 3768 327 3828 autem
350 3762 560 3829 observandis
582 3762 719 3828 Romani
748 3761 893 3831 homines
921 3764 1034 3848 paucis
1062 3768 1186 3829 tantum
1216 3754 1348 3831 utebanss

290 3919 315 3981 1)
333 3916 405 3971 Ecst.
418 3915 476 3969 157.
494 3916 532 3969 M.
549 3945 584 3956 ——
601 3916 627 3983 2)
644 3917 787 3982 Liv.I,18.
817 3916 896 3971 Dion.
912 3916 940 3970 11,
959 3916 993 3982 Η,
1005 3916 1030 3971 b.
1058 3916 1128 3971 Plut.
1146 3933 1188 3985 qu.
1207 3918 1282 3973 Rom.
1302 3921 1344 3974 ts.

222 4003 295 4057 Serv.
313 4002 347 4057 ad
364 4003 431 4057 Aen.
449 4001 490 4068 Π,
513 4001 571 4056 693.
591 4030 623 4043 -
641 4003 668 4071 3)
685 4001 720 4056 ad
736 4002 798 4056 iam.
816 4001 866 4068 VI,
891 4001 915 4055 6.
934 4002 958 4055 7.
977 4031 1010 4040 —
1027 4002 1054 4069 4)
1072 4002 1106 4062 ad
1123 4003 1184 4058 farn.
1203 4005 1255 4069 Vl,
1278 4005 1303 4059 6.
1321 4007 1346 4060 3.

222 4088 282 4145 Seu.
301 4094 401 4157 quaest.
420 4094 474 4143 nat.
493 4087 849 4155 11,56.1.-5)cf.Tac.
868 4087 929 4142 hist.
948 4088 970 4141 1.
983 4089 1025 4142 27.
1056 4087 1129 4143 Suet.
1148 4107 1171 4144 v.
1191 4089 1292 4146 Galbae
1303 4093 1347 4147 19.
