2928 4874
433 282 761 381 «Α.

8 512 10 565 l
108 470 197 534 Tum
219 469 343 556 peregit
363 470 469 537 verbis
492 470 638 556 auspicia
660 491 742 555 quae
762 470 844 536 mitti
867 471 961 538 vellet
987 471 1102 555 quibus
1131 470 1237 538 missis

108 572 296 663 declaratus
318 593 375 640 rex
395 575 503 640 Numa
524 573 566 640 de
588 575 705 659 templo
728 573 917 642 descendit}

284 676 324 741 cf.
343 677 385 742 M.
405 677 441 743 E.
460 676 591 763 11‚128.
619 679 656 743 R.
678 678 715 746 U.
737 680 787 744 70.
816 679 853 744 B.
871 680 913 744 M.
930 679 982 779 Ν,
1005 678 1077 744 358.
1094 676 1169 743 adn.
1185 680 1236 743 99.

323 780 359 844 L.
383 779 419 844 L.
441 781 481 845 H.
506 782 530 866 Ι,
554 783 626 851 263.
670 784 712 848 M.
734 781 773 848 It.
796 781 828 848 S.
851 782 876 866 Ι,
901 784 950 848 24.

199 883 317 951 Priscis
346 882 543 969 temporibus
572 905 665 970 reges
695 882 811 952 deinde
838 904 913 952 vero
951 884 1081 970 regibus
1116 886 1237 950 exactis

8 1010 10 1033 1
110 988 299 1055 sacerdotes
333 987 449 1072 populi
469 987 605 1054 Romani
627 990 850 1074 ‘inauguratos
887 1008 959 1055 esse
994 1007 1088 1054 nemo
1125 986 1236 1053 nescit.

8 1134 10 1147 ·
112 1091 243 1158 Etenim
265 1094 298 1157 in
321 1090 567 1176 inauguratione
590 1091 667 1158 deos
693 1092 903 1158 consulebant
924 1097 1027 1173 ubur'n
1048 1090 1101 1156 vel
1129 1110 1237 1176 regem

112 1215 209 1280 quem
231 1194 368 1281 populus
396 1200 563 1262 creaverat
590 1214 698 1281 regern
729 1215 800 1262 esse
828 1196 948 1262 vellent
973 1195 1025 1261 vel
1053 1193 1238 1261 sacerdotes

7 1316 10 1323 ’
115 1317 197 1382 quos
220 1298 358 1384 collegia
380 1302 569 1384 cooptarant
588 1317 645 1366 seu
660 1299 803 1384 pontifex
818 1299 976 1365 maximus
992 1303 1120 1384 ceperat
1135 1316 1238 1363 sacer-

8 1407 10 1437 ³
112 1401 205 1469 dotes
235 1394 321 1469 esse'
335 1401 561 1487 permitterent.
613 1402 819 1487 inauguratio
849 1407 955 1468 autem
983 1406 1132 1485 quattuor
1169 1400 1238 1466 sive
1317 1484 1320 1490 ἡ

9 1564 10 1567 ,
114 1506 259 1588 quinque.
281 1505 426 1592 partibus
456 1504 634 1571 continetur
662 1525 744 1589 quas
774 1511 977 1583 enumeratas
1012 1503 1114 1569 habes
1151 1503 1238 1589 apud

8 1666 9 1671 ,
89 1607 249 1687 Livium.
286 1606 352 1673 Sed
374 1608 560 1692 priusquam
582 1607 625 1674 ad
648 1628 704 1675 eas
725 1614 834 1694 partes
855 1628 988 1695 pergam
1011 1606 1052 1673 de
1075 1626 1113 1672 eo
1129 1605 1236 1690 dispu-

112 1711 247 1778 tandum
270 1717 319 1778 est
341 1709 427 1794 quod
448 1710 558 1777 Livius
579 1721 689 1797 regem
711 1711 820 1778 sedem
850 1708 974 1798 cepisse
1001 1710 1044 1776 ad
1073 1709 1237 1775 meridiem

8 1834 10 1865 ³
112 1833 268 1900 augurem
296 1815 339 1880 ad
368 1815 521 1880 orientem
551 1833 677 1880 versum
706 1821 825 1882 narrat.
869 1816 1017 1899 Namque
1045 1813 1169 1879 etiamsi
1197 1811 1238 1878 de

8 1958 9 1963 κ
74 1995 79 2003 ,
111 1937 238 2004 augure
259 1938 323 1983 non
345 1917 451 1983 verbis
474 1915 601 1983 disertis
624 1910 768 1984 declarat
790 1925 930 1984 attamen
952 1936 1052 1985 exeo
1080 1915 1238 2002 colligitur

8 2110 13 2161 p

8 2270 10 2377 l

8 2648 10 2691 ι

8 2908 10 2977 l

8 2982 10 3063 l

112 2020 202 2106 quod
223 2020 308 2087 idem
330 2040 432 2104 augur
454 2021 488 2085 in
510 2021 583 2105 ipsa
598 2020 734 2088 formula
748 2020 877 2089 dextras
893 2021 936 2087 ad
951 2020 1116 2087 meridiem
1130 2027 1238 2105 partes

111 2125 225 2191 laevas
254 2123 296 2190 ad
325 2123 583 2209 septemtrionem
611 2144 683 2191 esse
712 2124 790 2191 dicit
798 2125 832 2211 ¹).
883 2125 966 2191 Livii
995 2129 1102 2191 autem
1139 2121 1238 2189 verba

112 2229 251 2294 cerdera
273 2234 347 2294 sunt
368 2246 465 2310 quam
496 2233 530 2293 ut
550 2227 791 2311 Marquardt02)
821 2228 971 2295 assentiri
999 2227 1158 2314 possimus
1182 2225 1237 2310 qui

112 2331 176 2399 hoc
198 2329 439 2398 concedendurn
460 2345 534 2397 ‘esse
556 2337 663 2417 negat.
701 2331 826 2398 Etenim
849 2329 935 2414 quod
958 2328 1121 2397 contendit
1135 2329 1236 2412 Marq.

113 2454 268 2522 augurem
290 2454 330 2500 ea
352 2433 448 2519 signa
471 2435 660 2501 observasse
681 2454 765 2520 quae
790 2426 1013 2520 inaugurando
1034 2438 1234 2519 apparerent,

116 2538 150 2604 in
173 2536 428 2622 inaugurationis
458 2537 491 2601 vi
518 2542 613 2621 atque
640 2536 873 2623 significatione
902 2535 1075 2603 admodum
1105 2535 1236 2601 dubium

113 2648 171 2708 est.
211 2645 255 2707 Ac
279 2660 319 2706 ne
342 2660 402 2726 ego
425 2639 553 2724 quidem
569 2641 631 2707 sibi
646 2631 798 2726 augurem
814 2647 902 2706 certa
917 2642 1012 2727 signa
1030 2640 1110 2705 mitti
1126 2660 1147 2706 a
1162 2639 1237 2706 Iove

111 2752 222 2831 petere
243 2764 431 2830 persuasum
452 2740 565 2810 habeo.
610 2743 676 2810 Sed
702 2746 892 2830 interregem
920 2741 960 2809 de
989 2761 1054 2825 quo
1083 2749 1157 2828 post
1181 2764 1237 2808 ac·
1283 2770 1285 2773 ·

113 2849 254 2915 curatius
283 2846 463 2914 videbimus
492 2847 731 2933 inaugurationi
758 2847 941 2915 interfuisse
970 2846 1011 2911 ab
1040 2865 1141 2929 eoque
1175 2846 1237 2911 ius-

114 2971 186 3018 sum
209 2971 361 3037 augurem
386 2949 531 3036 auspicio
555 2970 684 3037 operam
714 2949 842 3018 dedisse
871 2951 966 3016 valde
993 2949 1160 3036 probabile
1189 2955 1237 3016 est

106 3055 327 3123 etiamsinon
349 3053 455 3121 verbis
478 3052 605 3120 disertis
628 3054 816 3120 declaratur.
860 3054 1007 3138 Namque
1029 3053 1115 3137 quod
1134 3053 1235 3136 Marq.

112 3159 172 3238 ad
186 3157 313 3224 Romuli
347 3157 624 3242 inaugurationem
658 3177 755 3241 qnam
788 3163 879 3244 putat
907 3178 928 3223 a
953 3156 1110 3248 Dionysio
1138 3156 1185 3241 Π,
1217 3156 1236 3220 5

113 3267 295 3328 enarratam
322 3267 476 3348 provocat
503 3250 621 3348 quippe
649 3261 704 3345 qui
733 3261 820 3328 solus
850 3259 995 3346 auspicio
1018 3272 1156 3346 ¹operam
1184 3258 1237 3325 det

112 3354 305 3432 scilicetne
335 3364 459 3430 duobus
490 3365 732 3431 observantibus
762 3363 890 3430 diversa
917 3364 1012 3449 signa
1046 3369 1234 3449 appareant,

111 3489 134 3533 a
147 3467 305 3554 Dionysio
327 3486 438 3555 regum
459 3467 753 3554 inaugurandorum
773 3466 920 3553 auspicia
940 3485 1011 3531 cum
1026 3465 1236 3551 posteriorum

113 3570 269 3656 auspiciis
313 3571 519 3657 magistratus
555 3571 730 3637 ineuntium
768 3569 920 3637 conlundi
955 3568 1089 3653 quisque
1132 3568 1234 3655 primo

112 3676 277 3742 oculorum
299 3675 409 3741 obtutu
430 3674 560 3760 videti).
597 3673 696 3740 Adire
718 3674 823 3763 potius
845 3673 985 3741 debebat
998 3670 1099 3755 Marq.
1122 3672 1176 3738 lib.
1192 3671 1234 3756 II,

112 3835 321 3844 ”mauu-...k-

181 3935 208 4002 1)
232 3933 321 3987 Minus
344 3937 467 4014 accurate
489 3931 558 3986 Plut.
583 3931 612 3985 in
634 3930 688 3986 vita
709 3931 813 3986 Numae
837 3930 860 3983 7.
874 3921 919 3969 ’-
942 3929 968 3997 2)
991 3928 1021 3982 B.
1044 3928 1081 3983 M.
1104 3928 1151 3992 IV,
1175 3927 1233 3981 358.

109 4019 173 4087 adn.
191 4019 233 4073 99.
252 4049 285 4058 -
302 4018 328 4088 3)
344 4018 387 4075 Dc
404 4017 529 4092 auspiciis
546 4016 717 4091 magistratus
740 4015 889 4104 ineuntium
912 4015 943 4073 cf.
962 4015 993 4072 B.
1011 4015 1048 4075 Μ.
1067 4014 1108 4078 Π,
1132 4014 1155 4071 2.
1176 4012 1232 4073 122.

97 4106 171 4166 adn.
189 4104 248 4163 178.
