2928 4874
584 329 750 429 Al„

66 504 73 539 '¹
190 516 273 581 Adn.
297 536 341 582 cr:
364 516 454 584 locus
477 537 558 584 sane
572 519 756 586 salebrosos
772 524 868 600 atque
884 516 1040 585 difficilis:
1064 520 1234 609 nuntiatio]

99 618 177 686 cod:
201 620 356 686 nuntiato.
379 620 566 709 auguribus]
591 610 662 687 cod:
686 620 892 706 auxguribus.
914 640 1126 704 quaecunque
1140 623 1236 689 uidis-

99 721 188 809 sent]
212 721 283 789 cod:
305 741 390 805 quae
413 741 485 788 cum
508 724 674 791 vidissent.
927 811 929 814 Α

268 823 310 889 Μ.
340 826 378 889 Ε.
406 826 455 904 Π,
486 826 557 892 112.
595 827 795 913 Hartungius
825 827 866 893 de
893 825 951 892 rel.
981 827 1071 892 Rom.
1101 827 1134 912 l,
1164 828 1236 892 111.

313 929 349 993 R.
376 927 417 994 U.
446 928 496 994 58.
526 931 572 1001 2.
599 931 637 995 Β.
664 931 706 995 Μ.
736 931 786 1015 11,
816 931 846 994 3.
878 929 928 993 73.
981 927 1156 996 1110666116
1184 929 1236 1015 ,de

314 1031 479 1115 spectione
501 1039 533 1098 et
562 1033 772 1100 1111611016ι
794 1032 923 1099 Vratisl.
951 1029 1029 1097 diss.
1061 1032 1163 1098 1851.Ι
1198 1033 1235 1098 L.

69 1218 73 1229 Ι
312 1133 349 1198 L.
373 1133 412 1199 H.
436 1135 461 1219 I,
486 1135 558 1199 293.
602 1135 644 1201 M.
668 1137 705 1201 R.
725 1136 761 1201 S.
785 1135 811 1219 I,
835 1135 886 1200 32.
956 1216 959 1219 ¹

191 1235 333 1301 Exhibui
343 1235 432 1303 Festi
446 1236 551 1304 locum
567 1256 647 1304 sane
662 1237 885 1304 difficillimum
901 1236 997 1302 nullis
1012 1236 1237 1323 interpunctio-

101 1338 201 1404 nibus
221 1339 367 1404 oonsulto
383 1338 577 1406 distinctum.
608 1338 737 1426 Optime
752 1338 830 1427 milri
846 1338 975 1435 quidem
990 1340 1096 1405 locum
1111 1338 1237 1406 videtur

93 1445 263 1507 tractasse
282 1440 411 1508 Rubirio
434 1444 484 1509 vir
505 1441 711 1509 doctissimus
734 1444 789 1526 qui
811 1442 872 1510 hoo
895 1442 992 1508 modo
1005 1442 1085 1508 loco
1114 1441 1244 1508 mederi
1320 1480 1324 1484 Α

103 1542 225 1610 studet:
250 1544 383 1628 ,spectio
405 1545 535 1629 ponitur
557 1546 592 1612 in
614 1545 823 1631 auguralibus
845 1565 904 1630 pro
919 1544 1106 1631 aspectione
1114 1546 1141 1629 1)
1165 1595 1171 1610 .
1196 1595 1203 1611 .
1228 1596 1236 1610 .

67 1652 73 1667 “
103 1647 240 1732 spectio]
273 1651 305 1712 et
332 1647 491 1713 nuntiatio
521 1648 576 1730 qui
605 1668 700 1715 omne
728 1649 779 1714 ius
814 1646 1030 1733 auspiciorum
1040 1649 1069 1731 ²)
1104 1647 1235 1714 habent.

69 1746 73 1763 '
103 1749 288 1834 Auguribus
316 1750 440 1834 spectio
469 1749 636 1816 dumtaxat
665 1770 798 1835 quorum
828 1750 962 1817 consilio
992 1769 1058 1814 rem
1089 1757 1237 1834 gererent

102 1851 310 1936 magistratus
333 1872 398 1919 non
420 1860 454 1919 11
468 1859 602 1938 possent
616 1852 771 1939 impedire
786 1851 966 1918 nuntiando
981 1856 1235 1935 quaecumquel)

65 2001 73 2043 ·.
103 1954 270 2021 vidissent.
313 1955 394 2021 Aliis
403 1956 430 2040 ⁴)
454 1956 576 2041 spectio
599 1956 669 2023 sine
697 1954 897 2021 nuntiatione
926 1954 1004 2020 data
1032 1959 1082 2020 661
1111 1963 1149 2033 11
1171 1955 1235 2039 ipsi

104 2056 249 2142 auspicio
271 2076 339 2122 rem
369 2066 519 2142 gererent
546 2079 611 2125 non
641 2065 676 2124 11
704 2058 786 2126 61106
815 2057 1006 2143 impedirent
1034 2056 1234 2125 nuntiando‘.
1363 2070 1368 2081 ’

65 2201 67 2234 r
104 2159 182 2224 Tria
202 2159 300 2243 igitur
321 2166 360 2251 ut¹
377 2168 512 2245 apparet
533 2174 655 2245 genera
675 2160 849 2246 spectionis
863 2160 989 2227 Rubino
1005 2158 1236 2244 distinguenda

69 2313 70 2316 ,
105 2280 176 2327 6666
198 2262 407 2329 existimarit:
430 2282 529 2328 unum
552 2264 714 2330 maximae
735 2257 911 2349 spectionis
934 2262 1020 2346 qnod
1042 2268 1091 2327 est
1106 2262 1235 2328 coniun-
1351 2296 1353 2301 ·

68 2372 86 2401 ¹·
105 2371 187 2455 otum
211 2384 284 2431 oum
306 2365 516 2450 nuntiatione,
540 2368 675 2433 alterum
697 2366 830 2432 minoris
853 2364 1028 2449 spectionis
1043 2363 1130 2447 qnod
1145 2370 1235 2430 caret

68 2466 317 2552 nuntiatione,
346 2468 473 2535 tertium
495 2469 668 2554 spectionis
698 2468 866 2536 cuiusdam
896 2466 939 2532 ad
969 2485 1109 2553 augures
1140 2466 1235 2551 perti-

66 2577 70 2658 J
104 2570 216 2637 nentis.
261 2571 353 2636 Haec
374 2571 436 2637 tria
465 2582 588 2655 genera
616 2590 696 2637 sane
725 2570 939 2656 sagacissime
970 2590 1009 2636 ex
1032 2569 1129 2635 Festo
1160 2587 1234 2634 enu-

65 2683 67 2692 “
106 2671 227 2739 6166111.
264 2672 412 2757 Namque
434 2673 521 2756 quod
543 2673 634 2740 initio
656 2675 808 2741 lacunam
830 2691 903 2739 esse
918 2672 1030 2738 statuit
1044 2676 1131 2767 recte
1146 2671 1232 2737 feeit.

65 2803 66 2806 ¹
105 2772 229 2841 Etenim
251 2776 456 2860 perspicuum
480 2782 529 2842 661
550 2776 761 2861 expositionis
778 2776 944 2842 exordium
959 2795 1024 2841 uon
1039 2794 1060 2839 6
1074 2773 1234 2859 particula

104 2880 154 2952 ,et‘
176 2878 319 2963 incipere
339 2878 493 2964 potuisse.
538 2879 642 2962 Atque
665 2879 761 2945 etiam
782 2878 863 2945 illud
885 2877 963 2943 milri
984 2875 1111 2943 videtur
1125 2876 1233 2941 rectis-

65 2979 181 3046 sime
209 2981 362 3047 statuisse
390 2981 476 3064 quod
505 2988 581 3047 ante
609 3001 721 3048 vocem
760 2981 938 3065 ,nuntiatio‘
976 2985 1048 3045 oum
1077 2969 1231 3044 Muellero

106 3083 246 3166 ,spectio‘
261 3083 396 3149 inseruit
409 3085 614 3169 pauculaque
629 3083 695 3149 alia
710 3083 870 3167 quaedam
885 3088 1055 3168 praeterea
1069 3081 1103 3146 in
1114 3083 1234 3147 lacuna

105 3183 200 3251 111666
223 3187 454 3259 censetveluti
477 3186 519 3252 de
540 3187 629 3279 vocis
653 3186 829 3271 spectionis
851 3204 912 3251 usu
933 3186 985 3252 vel
1015 3182 1100 3268 quod
1123 3183 1232 3251 verisi-

95 3287 207 3354 -milius
237 3294 286 3354 est
315 3289 356 3355 de
387 3290 434 3356 eis
463 3290 703 3375 magistratibus
733 3308 867 3371 quorum
896 3287 958 3354 fuit
986 3286 1124 3372 ,spectio
1159 3305 1232 3351 eum

105 3390 319 3456 nuntiatione‘.
371 3392 478 3457 Minus
513 3398 621 3458 autem
650 3393 733 3457 bene
768 3390 864 3457 etiam
903 3390 1060 3456 rationem
1088 3387 1232 3453 Muelleri

105 3482 155 3572 qui
177 3491 288 3559 inserit
310 3496 379 3578 ,est‘
401 3494 478 3560 femi
499 3513 597 3580 posse
620 3493 792 3578 contendit,
816 3493 902 3576 qnod
924 3498 1096 3578 propterea
1114 3490 1232 3556 salsum

105 3599 150 3659 661
170 3594 247 3678 quia
290 3596 554 3679 insequentibus
584 3596 804 3663 coniunctivus
832 3594 1013 3680 imperfecti
1043 3599 1148 3660 exstat
1177 3593 1233 3675 qui

106 3697 282 3763 necessario
320 3698 496 3782 perfectum
534 3698 664 3781 aliquod
704 3698 739 3763 in
783 3697 1046 3764 antecedentibus
1090 3695 1231 3778 requirit.

170 3870 195 3935 1)
214 3867 258 3923 hic
278 3884 361 3923 unum
379 3883 484 3923 versum
502 3869 668 3925 intercidisse
686 3869 838 3938 suspicatur
854 3874 902 3923 aut
919 3868 942 3925 61
959 3868 1047 3923 minus
1064 3868 1116 3922 hoc
1128 3867 1232 3936 placeat

108 3964 163 4006 oum
177 3952 468 4022 Muellero'legendum
487 3955 624 4024 proponit:
655 3954 757 4023 spectio
782 3960 809 4009 et
832 3954 965 4010 nuntiatio
989 3957 1030 4009 est
1054 3954 1087 4009 iis
1110 3953 1157 4022 qni
1181 3957 1229 4007 eto.

109 4039 225 4094 consules
243 4044 292 4094 etc.
310 4040 476 4109 intellegens.
495 4072 528 4079 -
547 4042 574 4108 2)
593 4056 652 4096 oum
670 4040 738 4096 Scal.
756 4056 805 4109 pro
824 4044 985 4107 sacrorum.
1003 4071 1037 4079 -
1054 4040 1081 4107 3)
1092 4053 1160 4108 quae
1171 4054 1231 4093 oum
1303 4038 1308 4042 '

108 4120 230 4182 1111166111
247 4124 304 4180 cod.
322 4155 356 4166 -
373 4126 400 4196 4)
417 4127 483 4183 66116
500 4126 557 4183 cod.
