2928 4874
711 310 874 408 mn„
944 328 947 333 ’

228 502 362 587 Figulus
384 520 423 568 ex
445 488 535 566 librIs
556 500 719 586 Tageticis
741 501 887 587 promsit,
917 502 949 593 Ι.
965 499 1157 567 Laurentius
1180 500 1290 587 Lydus
1317 499 1352 567 in

228 606 389 675 Graecum
410 623 590 671 sermonem
613 607 715 673 vertit.

170 758 173 764 .
279 694 282 699 ⁴
311 710 379 774 Iam
401 728 477 774 vero
499 707 543 773 ad
564 710 730 795 auguralis
753 708 942 795 disciplinae
968 709 1066 776 libros
1094 729 1204 795 pergo.
1249 708 1352 775 Disci-

226 813 335 898 plinae
358 812 521 898 auguralis
543 813 657 880 notitia
679 812 818 896 antiquis
843 812 1039 898 temporibus
1067 811 1137 878 sine
1166 811 1263 879 dubio
1292 832 1352 898 per

226 916 411 982 memoriam
420 917 870 984 successorumcelebrabatur
878 916 1008 998 eiusque
1016 936 1092 982 usus
1100 916 1355 1001 etiamposterio

225 1020 313 1087 ribus
342 1019 538 1113 temporibus
571 1012 651 1088 satis
685 1022 784 1108 plana
816 1019 955 1105 vestigia
991 1025 1170 1104 supersunt.
1214 1021 1353 1086 Romani

211 1205 213 1211 Ι
226 1121 355 1206 quidem
370 1142 509 1208 augures
525 1124 764 1191 commentandi
779 1142 879 1201 causa
895 1129 990 1205 atque
1007 1123 1090 1190 inter
1101 1142 1136 1189 se
1149 1123 1353 1207 colloquendi

225 1227 327 1293 Nonis
350 1226 520 1292 convenire
542 1227 731 1314 solebant1).
775 1227 899 1295 Eadem
928 1225 1125 1293 consuetudo
1153 1232 1288 1312 apparet
1310 1247 1351 1293 ox

155 1316 159 1330 ’
225 1331 296 1396 loco
332 1329 472 1412 quodam
499 1330 589 1396 Festi
610 1351 693 1416 pag.
721 1332 777 1395 16:
812 1331 935 1417 ,arcani
964 1329 1119 1396 sermonis
1156 1329 1349 1415 significatio

225 1432 359 1502 trahitur
381 1432 449 1498 sive
471 1434 513 1498 ab
536 1454 609 1500 arce
637 1454 720 1517 quae
745 1434 906 1519 tutissima
934 1454 1010 1520 pars
1039 1439 1087 1499 est
1114 1433 1202 1499 urbis
1233 1433 1301 1499 sive
1328 1431 1371 1529 as

173 1526 177 1533 ’
225 1557 344 1623 genere
366 1536 517 1604 sacrificii
538 1536 625 1620 quod
645 1537 680 1602 in
703 1558 778 1604 arce
801 1538 835 1604 fit
849 1538 891 1603 ab
907 1536 1081 1621 auguribus
1096 1535 1178 1604 adeo
1194 1543 1350 1604 remotum

225 1643 245 1707 a
267 1641 383 1707 notitia
411 1640 538 1727 vulgari
565 1647 665 1708 utne
692 1642 805 1707 litteris
835 1639 964 1724 quidem
994 1640 1177 1726 mandetur,
1207 1641 1266 1708 sed
1292 1663 1351 1728 per

225 1744 412 1810 memoriam
435 1763 655 1812 successorum
678 1739 878 1812 celeb'retur‘.
915 1744 1065 1809 Attamen
1087 1738 1163 1811 vero
1183 1745 1248 1811 iam
1264 1767 1354 1819 anno

225 1870 254 1912 a.
285 1868 315 1913 u.
347 1867 374 1913 c.
405 1849 545 1927 curuos
575 1868 648 1915 cum
675 1849 823 1915 Tiberius
852 1847 1060 1931 Sempronius
1089 1847 1203 1914 iterum
1237 1851 1386 1919 consul,

168 1988 171 1993 ,
225 1958 318 2034 esset,
341 1951 414 2016 libri
436 1951 567 2034 quidam
587 1954 797 2039 reperiuntur,
820 1952 935 2036 quibus
950 1951 999 2016 ius
1015 1951 1184 2036 augurium
1197 1952 1349 2018 traditum

224 2053 323 2118 fuisse
350 2054 539 2139 scriptorum
561 2055 753 2122 testimoniis
776 2055 941 2140 constat2).
986 2054 1034 2119 Ac
1055 2054 1191 2139 primum
1219 2050 1351 2138 quidem

226 2158 302 2224 libri
323 2175 488 2239 augurum
510 2158 578 2225 sive
600 2163 774 2242 augurales
797 2164 1098 2242 commemorantur,
1122 2158 1175 2241 qui
1197 2158 1351 2245 descripti

225 2258 257 2323 in
273 2259 522 2344 uniuscuiusque
538 2262 669 2346 auguris
685 2262 832 2329 manibus
848 2262 947 2328 fuisse
962 2262 1118 2328 videntur.
1155 2262 1203 2327 Ti.
1221 2262 1350 2345 quidem

226 2362 432 2449 Sempronius
456 2385 511 2431 eos
534 2385 642 2431 secum
658 2365 692 2430 in
708 2365 891 2432 Sardiniam
906 2366 1105 2450 prouinoIam
1122 2366 1225 2433 attulit
1240 2366 1349 2449 ibique

225 2486 297 2532 cum
326 2466 447 2551 legeret
470 2467 550 2547 (Cio.
574 2468 616 2535 de
643 2476 708 2534 nat.
738 2469 825 2536 deor.
853 2469 913 2558 II,
930 2470 960 2532 4.
991 2469 1055 2549 11.)
1085 2469 1270 2536 recordatus
1300 2478 1350 2536 est

218 2568 303 2652 quid
325 2570 387 2636 sibi
408 2570 443 2635 in
465 2591 579 2657 eampo
603 2571 732 2638 comitia
748 2571 914 2638 consulum
929 2571 1060 2638 habenti
1076 2578 1186 2638 eontra
1202 2572 1350 2658 auspicia

224 2671 397 2740 aceldIsset
425 2672 506 2757 (Cio.
530 2673 573 2739 ad
595 2674 655 2753 Qu·
685 2675 723 2739 fr.
751 2675 798 2759 II,
828 2675 858 2739 2.
883 2677 936 2759 1.).
972 2675 1079 2747 ¹Porro
1101 2675 1136 2740 si
1165 2674 1349 2758 quaerimus

224 2776 339 2860 quibus
361 2776 557 2861 temporibus
578 2777 651 2843 libri
666 2797 824 2863 augurum
839 2777 900 2844 orti
915 2777 979 2843 sint
994 2777 1234 2863 compositique,
1257 2778 1349 2863 origo

224 2878 426 2963 quarundam
454 2879 593 2965 partium
622 2900 662 2947 ex
691 2900 801 2966 regum
831 2886 973 2965 tempore
1002 2880 1080 2945 mihi
1116 2880 1242 2947 videtur
1275 2902 1349 2949 esse

222 2982 441 3071 repetendal).
485 2984 612 3051 Etenim
634 2984 667 3050 in
696 2984 878 3068 fragmento
906 2985 1018 3049 XXXI
1044 3016 1085 3037 ω
1115 2981 1180 3049 Cic.
1212 2984 1251 3051 de
1279 3005 1347 3070 rep.

222 3088 268 3171 II,
298 3088 348 3152 31.
377 3086 428 3152 54.
459 3094 723 3155 commemoratur
750 3088 1010 3173 prouocationem
1040 3087 1137 3153 etiam
1167 3108 1187 3152 a
1217 3089 1348 3174 regibus

221 3189 330 3256 luisse.
374 3190 501 3271 Deinde
523 3191 620 3257 etiam
641 3190 780 3257 formula
801 3211 913 3276 regum
940 3190 1234 3275 inaugurandorum
1263 3212 1349 3275 quae

221 3290 292 3360 sine
313 3294 409 3363 dubio
432 3293 522 3360 libris
538 3292 746 3381 auguralibus
761 3293 957 3360 vindicanda
974 3292 1079 3360 estad
1095 3294 1186 3379 regni
1201 3298 1348 3380 tempora

221 3397 357 3482 pertinet
378 3398 523 3483 (Fragm.
547 3399 595 3462 XI
610 3430 651 3451 =
666 3397 735 3463 Liv.
758 3398 784 3481 I,
808 3398 883 3484 IS).
929 3396 994 3464 Sed
1017 3397 1149 3481 turpiter
1167 3417 1348 3464 erraremus

221 3501 250 3567 si
271 3501 337 3570 iam
359 3520 470 3587 regum
492 3501 688 3586 temporibus
710 3507 811 3567 totum
834 3522 948 3587 eorpus
969 3501 1047 3568 iuris
1070 3499 1234 3586 auguralis
1253 3505 1287 3565 ut
1301 3499 1349 3566 ita

224 3604 331 3670 dicam
361 3604 576 3690 conscriptum
606 3624 677 3671 esse
705 3605 940 3671 arbitraremur.
984 3606 1131 3687 Namque
1159 3603 1193 3668 in
1225 3603 1347 3670 eisdem

221 3707 312 3773 libris
335 3709 452 3775 mentio
474 3707 510 3774 fit
532 3707 711 3792 dictatoris,
742 3729 837 3790 quem
859 3715 977 3774 vocant
1006 3707 1195 3793 magIstrum
1224 3708 1346 3793 populi.
1427 3702 1431 3711 '

220 3812 258 3875 fr.
281 3811 422 3877 XXVIII
444 3843 484 3865 =
509 3811 573 3879 Cic.
597 3810 638 3877 de
660 3831 725 3897 rep.
747 3812 777 3895 I,
799 3812 851 3875 40.
875 3813 926 3876 63.
970 3812 1139 3878 Dictatura
1166 3816 1272 3876 autem
1300 3811 1347 3876 in-

221 3930 222 3933 *
290 3967 315 4033 1)
332 3965 387 4020 ore.
405 3966 438 4020 re
455 3966 506 4020 arv.
525 3966 545 4028 r,
563 3965 605 4019 41.
624 3966 666 4020 oo.
684 3996 719 4005 -
735 3967 762 4034 a)
779 3966 832 4020 ore.
850 3967 883 4020 oe
900 3973 954 4020 nar.
973 3966 1045 4020 reor.
1062 3964 1098 4031 ra
1114 3965 1139 4018 4.
1157 3965 1197 4018 11.
1217 3995 1250 4004 -
1268 3966 1294 4033 a
1311 3965 1344 4020 cr.

220 4051 425 4106 Ambrosohiam
443 4052 475 4106 de
493 4052 575 4107 saeris
587 4052 663 4107 Rom.
681 4052 756 4107 libris
773 4059 835 4122 part
846 4053 866 4106 Ι.
884 4051 978 4117 (Brosl.
997 4051 1074 4121 1850)
1091 4069 1117 4120 p.
1131 4053 1164 4105 11
1182 4055 1209 4105 et
1226 4051 1348 4107 ciusdem

220 4137 318 4192 librum
336 4138 382 4209 qui
398 4138 542 4211 inscriptus
560 4144 601 4195 est
618 4136 739 4203 ,Studien
757 4138 813 4196 und
830 4137 1037 4212 Andautungea‘
1055 4154 1081 4211 p.
1095 4136 1153 4192 163.
1171 4137 1230 4192 adn.
1244 4137 1285 4191 19.
