2928 4874
105 491 210 573 moris
232 490 349 556 laudet.
394 490 487 569 Quod
510 491 538 556 si
568 511 676 559 verum
709 498 757 557 est
787 489 872 574 quod
902 510 1012 557 verum
1040 510 1112 558 esse
1141 489 1260 559 debet

8 670 10 691 .
106 614 184 660 cum
218 593 292 659 libri
324 592 480 661 reconditi
516 593 550 658 id
587 601 636 660 est
668 595 839 681 augurales
869 595 1072 679 appellantur
1101 603 1187 662 recte
1215 618 1234 662 a
1280 656 1281 661 ,

8 748 10 769 .
106 696 223 764 Servio
249 697 485 793 commentariis
516 705 727 785 opponuntur.
771 692 928 764 Videntur
956 704 1062 764 autem
1079 698 1124 764 ¹hi
1152 720 1235 766 com·
1323 739 1326 745 -

8 830 10 861 2
106 801 258 879 mentarii
280 821 320 867 ex
343 821 381 868 eo
404 800 493 867 fonte
516 801 646 870 fluxisse
669 823 763 885 quem
779 801 891 867 Cicero
914 801 954 867 de
977 800 1039 868 div.
1062 803 1087 887 Ι,
1109 804 1161 868 41.
1185 805 1235 868 90.

105 903 160 970 his
189 904 294 973 verbis
324 904 506 989 descripsit:
544 906 792 992 ‚congregantur
818 905 851 969 in
884 904 960 971 fano
998 906 1235 972 commentandi

107 1026 210 1074 causa
245 1014 342 1092 atque
377 998 460 1076 inter
497 1030 531 1076 se
568 1008 772 1092 colloquendi
808 1006 895 1092 quod
932 1008 1030 1074 etiam
1062 1007 1147 1074 idem
1176 1031 1234 1077 ros
1454 994 1455 997 ¹

103 1104 283 1198 (augures)v
299 1113 401 1179 Nonis
425 1111 586 1197 quondam
609 1113 717 1179 facere
739 1111 914 1178 solebatis!
1146 1172 1148 1177 ,

192 1215 297 1300 Pergo
320 1214 474 1302 deinceps
496 1215 538 1281 ad
561 1216 658 1281 aliam
679 1216 831 1282 librorum
862 1214 1064 1299 auguralium
1092 1216 1233 1302 speciem

107 1336 191 1399 quae
214 1318 422 1386 decretorum
444 1318 572 1386 nomine
594 1319 703 1385 fertum.
741 1318 826 1398 Quid
842 1319 884 1384 sit
898 1338 1056 1404 augurum
1071 1316 1233 1386 decretum

106 1438 204 1486 nemo
225 1423 336 1499 nescit.
374 1423 437 1490 Ubi
459 1423 544 1488 enim
566 1423 600 1487 in
623 1422 879 1505 disquisitionem
899 1422 986 1488 venit
1000 1421 1120 1489 vitione
1135 1425 1234 1489 creati

106 1524 217 1589 essent
238 1526 444 1610 magistratus
466 1526 585 1591 vitiove
610 1524 678 1591 lata
707 1527 759 1591 lex
789 1531 874 1591 esset
902 1525 1020 1591 vitiove
1048 1523 1135 1591 dicta
1163 1526 1233 1592 dies

101 1634 235 1694 senatus
258 1627 302 1693 ad
324 1649 461 1714 augures
485 1629 605 1695 referre
636 1628 688 1694 vel
716 1627 841 1694 deferre
871 1628 995 1694 solebat
1022 1630 1077 1712 qui
1104 1628 1233 1697 decreto

105 1730 178 1796 sive
217 1750 371 1817 responso
410 1731 619 1798 decernerent
653 1738 757 1798 utrum
793 1731 891 1797 salvis
934 1731 1087 1819 auspiciis
1130 1753 1233 1799 necne

103 1832 314 1918 magistratus
337 1835 436 1901 creati
459 1842 567 1903 essent
589 1834 658 1901 dies
682 1840 767 1900 esset
789 1833 876 1900 dicta
902 1836 970 1901 lata
997 1836 1059 1901 lex.
1104 1837 1233 1903 Talium
1302 1842 1305 1847 ’

104 1934 308 2003 decretorum
331 1958 370 2004 ex
392 1938 483 2005 Livio
506 1947 601 2022 atque
617 1937 772 2004 Cicerone
793 1938 964 2022 petitorum
987 1939 1112 2025 copiam
1135 1960 1232 2024 quon-

106 2038 183 2103 dam
198 2039 369 2108 Bn'ssonus
384 2041 418 2107 in
433 2062 471 2109 eo
493 2042 575 2108 libro
598 2032 692 2124 quem
715 2040 756 2106 de
777 2041 922 2107 formulis
944 2042 1073 2128 scripsit
1094 2043 1231 2129 collegit,

103 2148 322 2227 quantumque
352 2144 394 2210 ad
423 2145 630 2229 magistratus
659 2139 784 2211 creatos
813 2145 950 2229 pertinet
971 2147 1075 2229 [etiam
1104 2147 1231 2231 plenius

104 2244 281 2313 Grosserus
303 2247 355 2333 ,de
378 2248 542 2334 spectione
564 2254 597 2313 et
617 2248 827 2314 nuntiatione‘
848 2268 879 2332 p.
903 2249 943 2312 26
960 2268 1029 2333 sqq.
1065 2248 1231 2332 Reliquiae

104 2354 182 2415 iero
203 2371 328 2435 paucae
350 2357 473 2419 tantum
495 2358 667 2439 supersunt
688 2371 761 2417 oum
783 2373 804 2416 a
823 2350 1031 2435 scriptoribus
1045 2352 1231 2437 plerumque

102 2451 184 2517 nihil
205 2454 269 2519 nisi
291 2474 449 2541 augurum
471 2456 632 2524 decretum
655 2456 776 2521 factum
798 2474 869 2520 esse
892 2454 1065 2523 memoriae
1087 2454 1232 2521 tradatur

102 2576 177 2622 raro
200 2557 398 2626 solummodo
423 2561 512 2626 euius
531 2559 663 2646 generis
685 2556 719 2622 id
742 2557 902 2625 decretum
926 2558 1022 2624 fuerit
1050 2559 1230 2626 accuratius

103 2658 272 2726 indicetur.
317 2660 356 2727 In
379 2662 634 2746 disquisitionem
657 2667 764 2728 autem
786 2662 896 2727 venire
912 2682 951 2729 oa
965 2662 1112 2748 auspicia
1127 2663 1229 2730 solum

101 2769 275 2848 potuerunt
295 2764 328 2830 in
351 2766 465 2849 quibus
488 2767 643 2833 incertum
658 2771 726 2832 erat
741 2765 819 2853 quid
833 2765 882 2830 ius
898 2765 1068 2851 augurium
1082 2772 1232 2851 posceret

106 2866 283 2951 quibusque
317 2868 349 2933 in
388 2868 479 2935 libris
515 2869 730 2956 auguralibus.
759 2873 963 2954 prospectum
998 2889 1063 2934 non
1100 2870 1229 2956 esset1).

77 3054 83 3063 ι
102 2968 252 3052 Namque
275 2970 303 3037 si
325 2971 379 3055 qui
401 2972 609 3058 magistratus
631 2978 742 3059 aperte
751 2973 777 3056 2)
800 2977 913 3037 contra
934 2971 1082 3058 auspicia
1103 2979 1229 3039 creatus

102 3079 188 3139 esset
209 3074 305 3157 quod.
323 3075 547 3142 vetustioribus
574 3075 770 3160 temporibus
800 3080 885 3140 certe
914 3074 1112 3141 usuvenire
1132 3066 1229 3141 'num-

103 3196 201 3259 quam
223 3182 350 3263 poterat
372 3178 426 3263 qui
448 3180 539 3245 locus
561 3198 717 3263 augurum
740 3177 869 3273 decreto
892 3197 963 3243 esse
985 3178 1143 3263 potuisset
1157 3200 1229 3246 cum
1314 3177 1317 3181 ’

102 3300 214 3346 omnes
249 3281 332 3347 scire
369 3280 522 3348 deberent
558 3302 630 3348 eum
668 3302 739 3349 esse
775 3282 851 3348 vitio
895 3282 1060 3347 creatum?
1115 3283 1228 3365 Itaque

8 3406 10 3415 ·
99 3390 237 3468 apparet
264 3383 401 3451 decretis
432 3384 646 3452 reconditiora
675 3385 752 3451 iuris
782 3384 908 3471 augurii
943 3392 1118 3471 praecepta
1154 3406 1228 3451 cum

8 3554 10 3577 ξ
100 3484 257 3572 imperitis
296 3506 367 3552 esse
404 3489 638 3555 communicata
672 3493 768 3571 atque
803 3486 962 3554 interdum
1004 3488 1101 3553 etiam
1143 3509 1228 3555 nova

8 3592 10 3673 g
97 3593 275 3674 praecepta
298 3608 369 3657 esse
390 3592 557 3676 proposita
579 3612 650 3658 cum
680 3592 754 3657 libri
784 3597 839 3658 aut
867 3611 931 3658 non
955 3589 1143 3658 sufficerent
1172 3598 1228 3658 aut

8 3676 10 3717 l
98 3692 363 3778 interpretatione
386 3700 490 3777 atque¹
504 3691 718 3781 explicatione
740 3700 879 3780 egerent.
906 3694 1065 3781 ..Denique
1080 3695 1226 3781 pauculis
1286 3683 1289 3688 ’

8 3844 9 3873 ;
97 3794 273 3862 dicendum
295 3804 344 3862 est
366 3795 407 3863 de
430 3783 723 3882 discriminaquod
745 3799 828 3864 inter
853 3791 1101 3865 commentarios
1130 3804 1226 3880 atque

8 3900 9 3905 ’
96 3899 229 3987 decreta
258 3900 427 3986 auguralia
462 3901 638 3969 intercedit.
688 3903 835 3985 Namque
858 3896 1024 3984 'quantum
1060 3901 1103 3968 ad
1140 3922 1225 3967 eom-

162 4080 190 4192 Ι1)
209 4123 241 4177 cf.
260 4123 416 4179 Ambrosch.
435 4124 462 4179 ll.
481 4143 506 4194 p.
520 4127 560 4180 12.
580 4158 613 4167 —
630 4128 656 4196 2)
674 4126 711 4182 M.
724 4127 755 4181 R.
769 4126 795 4182 S.
808 4127 829 4180 Ι.
848 4144 873 4196 p.
886 4125 935 4180 28.Ι
