2928 4874
766 312 785 374 6

695 401 857 408 Ἤ

222 501 320 568 acciri
341 500 504 583 solebant,
536 517 614 565 cura
641 499 771 584 proprie
800 497 995 565 demandata
1023 497 1127 564 fuerit.
1172 499 1285 583 Itaque
1316 500 1347 565 01

222 606 331 688 quiin
353 602 412 670 hos
434 602 532 669 libros
555 601 693 683 inquiret
715 610 864 669 accurate
886 600 1205 686 circumspiciendum
1234 608 1283 668 est
1314 608 1346 668 et

223 708 375 792 quidnam
399 725 439 772 en
459 705 549 773 libris
571 698 743 790 pontificiis
766 705 808 771 ad
831 707 1036 777 Etruscorum
1065 706 1223 792 pertineat
1253 704 1347 771 disei-

96 894 98 899 ,
176 847 179 852 ·
222 812 344 897 plinam
367 815 398 876 et
420 814 576 893 quatenus
600 828 639 874 ea
662 828 744 890 quae
767 809 996 896 subEtruscae
1012 808 1203 895 disciplinae
1218 809 1348 876 nomine

223 915 266 980 ad
285 922 354 980 ¹nos
382 911 601 998 pervenerint,
640 910 683 976 ad
711 912 810 979 libros
829 911 1018 997 pontificios
1048 912 1245 1000 supplendos
1275 933 1349 978 con-

222 1020 335 1084 ferant.
379 1016 521 1082 Alterum
543 1020 648 1081 autem
672 1028 774 1100 genus
803 1016 1010 1085 divinationis
1040 1037 1136 1100 quam
1167 1017 1346 1083 naturalem

224 1121 336 1187 Cicero
357 1125 461 1203 vocat,
484 1124 585 1185 totum
608 1139 648 1184 ex
668 1119 758 1199 libris
774 1118 939 1206 Sibyllinis
954 1120 1082 1207 pendet,
1105 1140 1238 1203 quorum
1253 1120 1349 1186 inter-

223 1223 365 1311 pretatio·
382 1214 518 1307 collegio
542 1221 862 1305 quindecimvirorum
885 1225 991 1291 saeris
1009 1209 1170 1289 faciundis
1193 1221 1350 1288 mandata

224 1330 335 1410 erat1).
373 1325 462 1392 Libri
485 1326 590 1391 001000
606 1325 755 1412 Sibyllini
777 1328 835 1393 toti
849 1315 1045 1393 Graecorum
1067 1326 1174 1413 suntr)
1189 1347 1229 1392 ex
1244 1345 1348 1408 eoque

224 1432 311 1496 l'onte
333 1450 405 1495 oum
425 1428 625 1514 in·Oapitolii
640 1429 789 1496 incendio
805 1451 889 1496 anno
905 1432 1024 1512 671183
1040 1429 1217 1515 periissent,
1239 1424 1349 1498 rursus

224 1533 500 1600 senatusconsulto
524 1530 632 1615 quoad
655 1533 722 1599 eius
744 1532 813 1599 fieri
833 1535 945 1619 potuit,
968 1533 1104 1601 restituti
1126 1541 1222 1615 atque
1245 1534 1350 1601 redin-

224 1637 342 1722 tegrati
363 1636 481 1722 00013).
525 1636 639 1717 Itaque
662 1636 691 1702 ei
714 1637 768 1720 qui
790 1636 833 1703 ad
860 1636 958 1703 libros
982 1630 1156 1723 Sibyllinos
1183 1638 1349 1705 restituen-

225 1741 285 1807 dos
307 1760 343 1807 se
365 1739 533 1806 contulerit
561 1718 630 1804 sive
659 1739 698 1805 de
728 1739 1049 1823 quindecimvirorum
1078 1741 1362 1829 commentarius)-
1405 1724 1410 1737 '

225 1843 443 1927 disputaturus
460 1849 517 1928 est,
534 1843 735 1927 potissimum
751 1844 793 1909 ad
809 1843 1004 1932 Graecorum
1020 1844 1150 1910 oracula
1165 1844 1352 1930 confugien-

112 1974 113 1977 ¹
226 1946 301 2011 dum
325 1947 396 2030 erit,
427 1947 545 2032 quippe
569 1946 746 2028 exquibus
775 1966 900 2012 summa
928 1947 980 2012 vel
1008 1947 1113 2032 potius
1144 1947 1214 2014 sola
1244 1949 1351 2034 operis

225 2049 413 2115 instituendi
435 2049 630 2115 adminicula
651 2047 822 2134 pendeant.
860 2049 929 2115 Iam
951 2069 1026 2115 vero
1048 2050 1090 2114 ad
1098 2051 1232 2116 tertium
1246 2071 1350 2136 genus

227 2152 432 2223 divinationis
448 2152 535 2239 apud
549 2154 711 2219 Romanos
727 2153 865 2251 usitatae
879 2173 979 2238 pergo
990 2157 1185 2235 ,auguralem
1200 2154 1352 2221 videlicet

226 2259 443 2338 disciplinam,
460 2257 549 2324 cuius
565 2256 747 2341 fragmenta
761 2256 795 2320 in
811 2256 871 2321 hoc
886 2255 995 2323 libello
1011 2256 1160 2341 colligere
1173 2264 1268 2339 atque
1280 2258 1351 2323 illu·

105 2406 107 2409 -
230 2365 332 2424 strare
355 2365 488 2425 conatus
504 2377 584 2424 sum.
622 2356 687 2424 Sed
707 2365 878 2442 antequam
894 2358 1055 2444 adipsum
1071 2379 1152 2445 opus
1167 2361 1351 2446 aggrediar,

230 2463 324 2528 certis
346 2462 462 2528 finibus
485 2468 516 2528 et
537 2462 624 2528 velut
645 2461 836 2545 quibusdam
858 2462 1010 2547 pomeriis
1034 2469 1065 2529 01
1087 2462 1192 2529 effatis
1215 2471 1249 2529 ut
1278 2484 1351 2529 cum

134 2638 136 2643 ,
228 2564 391 2655 Macrobio
413 2565 543 2649 loquar,
574 2565 654 2630 haec
677 2557 850 2650 disputatio
873 2566 950 2631 mihi
973 2566 1264 2633 circumscribenda
1291 2575 1350 2633 est.

230 2667 455 2747 Quaerendum
468 2674 531 2733 -est
559 2668 643 2733 enim
672 2673 706 2733 ut
728 2668 870 2734 Graecos
900 2668 1016 2750 missos
1045 2670 1162 2735 faciam
1193 2663 1357 2754 quatenus

229 2771 393 2857 auguralis
408 2770 579 2855 disciplina
594 2772 809 2836 Romanorum
825 2790 865 2837 ex
877 2774 1012 2839 Etrusca
1028 2772 1197 2858 disciplina
1211 2773 1353 2860 pendeat

230 2895 271 2940 00
285 2875 322 2961 si
344 2894 384 2939 ea
406 2893 488 2956 quae
511 2873 569 2940 sub
585 2873 739 2940 Etruscae
762 2874 951 2961 disciplinae
973 2875 1102 2955 nomine
1123 2877 1215 2944 nobis
1233 2877 1354 2944 tradita

229 2985 318 3063 sunt,
345 2976 558 3064 neglexerim,
588 2977 803 3062 reprehendar
825 2977 919 3065 quasi
940 2998 1006 3045 non
1029 2979 1136 3045 omnia
1155 2980 1352 3046 adminicula

230 3082 272 3148 ad
295 3082 447 3149 librorum
469 3069 668 3166 auguralium
699 3081 881 3167 fragmenta
907 3082 1113 3155 resarcienda
1142 3082 1353 3149 adhibuerim.

230 3186 277 3250 Ac
307 3184 444 3269 primum
473 3183 602 3267 quidem
625 3185 740 3251 Strabo
749 3186 775 3271 ⁶)
803 3186 946 3251 Graecus
975 3185 1069 3252 homo
1100 3206 1193 3269 quem
1223 3193 1258 3251 ut
1285 3187 1352 3253 iam

230 3308 314 3355 nuno
333 3288 527 3355 sententiam·
539 3309 644 3354 meam
659 3287 847 3374 significem,
870 3288 983 3355 merito
998 3289 1169 3376 castigavit
1182 3290 1355 3357 Muellerus
1401 3372 1415 3385 x

231 3393 281 3478 (E.
304 3392 346 3477 H,
370 3392 431 3456 122
455 3391 528 3456 adn.
551 3393 617 3480 45.)
640 3397 739 3482 totam
763 3387 943 3481 augurandi
965 3392 1167 3479 disciplinam
1184 3393 1369 3481 'Romanos'

231 3494 373 3561 Etruscis
389 3501 554 3582 acceptam
569 3496 688 3562 referre
703 3494 822 3562 statuit.
859 3495 971 3562 Paullo
986 3495 1161 3578 modestius
1176 3496 1354 3584 Dionysius

151 3650 153 3653 v
231 3598 564 3685 Ηο110000000000106)
593 3599 627 3664 in
663 3599 783 3664 incerto
820 3598 970 3682 relinquit
1005 3605 1109 3664 utrum
1137 3599 1275 3667 Romani
1312 3604 1354 3669 ab

232 3702 374 3767 Etruscis
397 3699 437 3766 de
460 3702 627 3770 fulminum
642 3686 876 3789 significatione
891 3701 995 3770 edocti
1011 3702 1130 3768 010100
1145 3722 1167 3770 a
1180 3703 1356 3772 maioribus

301 3962 327 4029 1)
346 3959 377 4014 cf.
401 3959 453 4014 loci
475 3958 547 4027 apud
563 3959 593 4013 B.
610 3960 648 4014 M.
667 3960 713 4026 IV,
736 3960 795 4043 294.
813 3953 869 4029 sqq.
894 3990 927 3999 -
950 3960 977 4027 2)
1001 3961 1036 4015 ib.
1060 3977 1086 4030 p.
1104 3960 1156 4014 296
1179 3961 1301 4016 01047.
1321 3995 1354 4003 —

233 4049 258 4114 a)
283 4046 317 4099 0.
342 4046 402 4100 aas.
427 4077 460 4085 -
484 4045 513 4116 4),
534 4045 672 4100 censorin.
697 4046 729 4101 ue
752 4045 776 4100 o.
800 4051 854 4101 nae.
879 4045 971 4111 nvn,
995 4047 1018 4099 a
1038 4047 1137 4101 10.1r.
1164 4077 1194 4086 -
1218 4048 1246 4115 s)
1269 4048 1359 4114 svn,

233 4149 258 4202 p.
276 4131 334 4187 ara.
354 4130 430 4197 -·o)
449 4132 519 4186 arco.
537 4130 676 4197 sonu,-
688 4132 712 4185 s.
1335 4178 1339 4181 ,
