2928 4874
757 301 796 364 22

697 390 860 398 ...η-η-ιιι.

100 490 103 495 “
221 490 380 557 cationem
416 487 603 574 auguralem
641 487 787 559 referam.
819 528 862 537 —
892 488 1031 575 Serpens
1066 489 1148 556 inter
1183 488 1350 574 pedestria

95 594 97 597 ’
223 593 369 679 auspicia
402 597 585 658 numeratur
613 592 652 658 cf.
680 592 770 658 Paul.
793 595 866 658 244.
916 591 992 658 Hor.
1024 613 1120 659 carm.
1148 593 1204 657 III.
1234 593 1286 657 27.
1316 592 1347 656 5.

222 696 354 762 Cassius
374 695 438 761 Dio
459 696 511 760 41.
536 697 576 759 14
598 734 640 742 -
661 695 780 762 Nescio
802 716 844 763 an
866 695 900 761 in
921 695 1101 781 fragmento
1124 694 1262 782 ,serpsit‘
1288 715 1349 779 pro

223 799 394 887 ‚serpserit‘
415 798 586 887 legendum
608 797 658 865 sit.

310 921 441 1008 Fragm.
464 920 539 987 VIII
561 952 601 975 =
624 920 672 986 ib:
696 923 803 988 solino
825 920 910 987 idem
929 920 979 1013 ¹ait
1000 941 1073 988 esse
1094 921 1236 989 consulo.

308 1042 428 1109 Vocem
458 1042 561 1110 solino
591 1042 635 1109 ad
663 1061 741 1108 aves
769 1040 988 1108 observandas
1007 1042 1120 1108 ‘refero
1148 1061 1212 1126 qua
1243 1041 1276 1106 in
1314 1060 1352 1107 re

228 1146 415 1214 consulendi
434 1145 624 1212 vocabulum
647 1145 800 1212 sollemne
822 1144 921 1211 iuisse
942 1151 1040 1212 testes
1062 1151 1136 1212 sunt
1150 1144 1243 1211 Ovid.
1258 1144 1351 1211 Fast.

225 1251 249 1331 I,
275 1250 345 1314 180.
369 1254 400 1315 et
415 1248 534 1334 Symm.
557 1249 688 1335 ep.·III‚
710 1250 763 1313 44.
799 1247 904 1313 Aliam
926 1268 1038 1315 vocem
1060 1248 1222 1333 ,solinunt‘
1245 1249 1351 1328 (cuius

226 1351 333 1418 media
354 1350 481 1436 syllaba
510 1350 668 1437 producta
695 1371 767 1418 esse
796 1349 891 1417 debet
920 1350 961 1417 cf.
983 1351 1102 1418 Ritsch.
1132 1373 1216 1419 mon.
1247 1351 1351 1438 epigr.

224 1457 286 1522 tria
306 1477 339 1540 p.
363 1457 427 1538 17.)
450 1458 535 1522 Fest.
559 1456 631 1520 162.
654 1454 777 1539 ,solent‘
799 1454 1052 1543 interpretatum

308 1576 438 1662 Fragm.
461 1577 508 1642 IX
529 1608 570 1631 ==
592 1575 641 1641 ib:
664 1578 745 1643 suad
766 1578 820 1644 ted
841 1574 926 1642 idem
948 1574 994 1641 ait
1016 1594 1087 1642 esse
1108 1575 1156 1643 sic
1176 1582 1217 1642 te.

390 1695 430 1762 cf.
453 1695 559 1762 Muell.
582 1697 616 1762 in
638 1696 746 1762 adnot.
769 1696 867 1763 Festi.

308 1818 438 1903 Fragm.
460 1818 491 1882 X
515 1849 555 1871 ==
577 1816 678 1882 Varro
702 1815 743 1881 de
764 1816 785 1881 l.
814 1815 850 1881 L.
877 1815 950 1901 Vll,
981 1815 1049 1879 31.:
1080 1814 1199 1902 adagio
1229 1816 1349 1882 dictum

228 1928 276 1988 est
297 1927 333 1986 ut
354 1920 502 1987 adustum
525 1919 610 2004 quod
633 1919 754 1984 circum
772 1925 877 1985 ustum
893 1925 942 1985 est
955 1926 991 1984 ut
1003 1921 1175 2002 omuicgnc
1190 1923 1246 1987 uos
1261 1920 1353 2005 apud

227 2044 365 2111 augures
387 2045 485 2107 quam
507 2023 624 2089 circum
646 2022 731 2088 aliae
753 2021 878 2089 hostiae
901 2022 1152 2088 concutiuntur.

311 2144 479 2210 Turnebus
510 2144 691 2228 ,ambegna‘
725 2143 787 2229 leg.
824 2143 981 2229 proponit.
1012 2183 1054 2191 -
1084 2143 1281 2210 Sacrificium
1317 2144 1351 2210 in

226 2246 425 2335 auspicando
463 2246 583 2334 passim
622 2252 885 2313 commemoratur
923 2245 962 2312 cf.
999 2246 1076 2313 Zon.
1108 2246 1175 2311 VII.
1207 2244 1236 2311 5.
1267 2246 1350 2314 Duc.

230 2351 351 2418 Gellius
373 2350 460 2436 XIV,
486 2354 513 2415 7.
559 2349 647 2417 Serv.
670 2348 714 2415 ad
735 2349 815 2415 Aen.
837 2350 894 2435 III,
919 2349 990 2415 265.

392 2524 423 2589 b.
446 2522 601 2591 formulae
623 2522 806 2589 sollemnes.

313 2660 442 2746 Fragm.
475 2660 523 2725 XI
557 2691 600 2714 =
634 2660 703 2726 Liv.
739 2660 771 2744 Ι,
820 2658 869 2723 18.
906 2659 1027 2725 nocitus
1076 2659 1158 2727 sicut
1197 2660 1353 2729 Romulus

231 2771 388 2851 augurato
409 2764 488 2831 urbe
509 2763 679 2831 condenda
700 2781 834 2847 regnum
856 2761 992 2847 adeptus
1019 2769 1068 2828 est
1094 2764 1134 2829 de
1160 2783 1201 2830 se‘
1225 2784 1355 2848 quoque

232 2870 310 2936 deos
333 2867 456 2934 consuli
477 2866 578 2933 iussit.
601 2866 677 2933 inde
699 2868 740 2931 ab
762 2884 884 2951 augure
906 2864 957 2931 cui
979 2865 1096 2932 deinde
1115 2867 1246 2943 honoris
1274 2889 1353 2955 ergo

230 2972 389 3057 publicum
424 2971 457 3036 id
496 2976 748 3056 perpetuumque
783 2967 998 3035 sacerdotium
1032 2968 1092 3034 fuit
1127 2970 1281 3037 deductus
1317 2972 1352 3063 in
1459 3004 1460 3059 i

231 3096 338 3142 arcem
355 3075 400 3156 *in
428 3073 537 3160 lapide
566 3072 608 3139 ad
638 3073 803 3139 meridiem
832 3091 943 3138 versus
979 3073 1133 3141 consedit.
1171 3093 1273 3162 augur
1308 3077 1352 3143 ad
1459 3134 1460 3137 ,

229 3180 356 3244 laevam
378 3177 446 3243 eius
470 3177 575 3263 capite
596 3176 701 3243 velato
725 3175 835 3243 sedem
855 3176 938 3261 cepit
960 3174 1072 3241 dextra
1085 3198 1183 3243 manu
1199 3179 1350 3246 baculum
1458 3182 1460 3205 ³

231 3282 299 3347 sine
326 3279 411 3347 nodo
445 3280 603 3348 aduncum
633 3287 744 3346 tenens
775 3290 868 3362 quem
895 3278 1007 3344 lituum
1036 3281 1245 3366 appellarunt.
1274 3282 1353 3350 inde

232 3385 285 3451 ubi
307 3390 478 3470 prospectu
500 3385 533 3449 in
555 3384 667 3449 urbem
689 3402 864 3476 agrumque
880 3388 974 3469 capto
990 3381 1068 3449 deos
1082 3391 1232 3469 precatus
1247 3385 1351 3471 regio-

234 3488 354 3554 nesab
378 3486 498 3554 oriente
520 3486 563 3553 ad
586 3506 735 3553 oceasum
758 3485 980 3552 determinavit
990 3485 1120 3553 dextras
1131 3486 1174 3553 ad
1185 3489 1353 3556 meridiem

232 3592 343 3657 laevas
371 3588 413 3655 ad
440 3574 694 3676 §eptemtrIonem
724 3609 804 3656 esse*
824 3589 920 3674 dixit3
950 3590 1076 3676 signum
1103 3597 1215 3657 contra
1245 3594 1354 3677 quoad
1459 3600 1460 3643 ἓ

232 3693 417 3779 longissime
439 3699 643 3779 conspectum
667 3695 749 3761 oculi
772 3693 918 3760 ferebant
939 3694 1046 3761 animo
1067 3694 1176 3760 linivit.
1192 3701 1259 3761 tum
1274 3696 1353 3763 lituo
1458 3682 1460 3711 ³

232 3798 264 3862 in
286 3799 412 3863 iaevam
433 3798 738 3864 manumtranslato
761 3796 874 3862 dextra
896 3797 930 3862 in
951 3803 1048 3883 caput
1062 3798 1186 3864 Numae
1200 3799 1354 3886 imposita
1459 3878 1460 3881 Ἴ

233 3906 383 3986 precatus
413 3907 462 3967 est
489 3900 551 3967 ita:
585 3904 733 3984 luppiter
762 3907 855 3984 pater
881 3903 911 3968 si
938 3907 988 3967 est
1015 3902 1066 3967 fos
1095 3903 1185 3969 hunc
1213 3907 1352 3969 Numam
1459 3940 1460 3967 2

232 4006 437 4090 Pompilium
457 4006 553 4071 cuius
582 4022 642 4086 ego
670 4010 769 4087 caput
795 4009 890 4071 teneo
917 4020 1028 4085 regem
1056 4021 1129 4072 csse
1149 4008 1274 4072 Itomae
1301 4009 1353 4072 uti

234 4098 386 4193 insigna
409 4109 504 4177 notis
527 4113 615 4177 certa
637 4109 829 4177 adclarassis
858 4110 945 4174 inter
971 4123 1028 4176 cos
1056 4107 1139 4176 lines
1168 4125 1250 4191 quos
1276 4110 1351 4180 ieci.
