2928 4874
687 245 852 342 *aa*

209 438 259 500 60.
288 435 343 502 ubi
364 433 449 500 idem
470 433 645 521 Dionysius
668 434 700 499 in
722 434 853 500 Numae
869 432 1114 518 inauguratione
1137 432 1207 498 sine
1229 431 1328 499 dubio

209 544 355 627 auctores
384 543 511 603 secutus
541 557 678 623 augures
707 557 833 621 quoque
862 536 992 603 inducit.
1042 536 1157 620 Itaque
1186 535 1214 602 si
1251 535 1330 619 quid

208 641 301 710 video
324 639 408 706 Livii
429 641 602 707 auctoritas
631 641 719 709 nullo
746 640 841 708 modo
871 639 1072 726 repudianda
1101 646 1157 706 est.
1202 639 1332 704 Deinde

209 744 299 811 addit
321 743 431 810 Livius
454 763 606 831 augurem
629 745 734 829 capite
755 745 860 810 velato
883 743 926 811 ad
947 745 1074 810 laevam
1104 744 1189 830 regis
1219 743 1331 809 sedem

211 847 347 932 cepisse.
398 847 499 913 Aliter
527 847 715 914 Plutarchus
744 849 775 913 ll.
807 846 904 913 tradit
935 867 1048 932 regem
1083 848 1189 934 capite
1224 848 1332 913 relato

211 949 403 1029 consedisse.
453 950 532 1017 Inde
565 952 690 1019 videtur
727 957 804 1017 nata
841 969 913 1016 esse
948 951 1088 1036 Mergeri
1121 951 1228 1036 opinio
1238 953 1264 1032 1)
1301 957 1335 1016 et

160 1070 163 1078 ’
210 1075 363 1141 augurem
386 1059 417 1120 et
438 1054 694 1142 inaugurandum
716 1054 875 1140 capitibus
897 1054 996 1121 fuisse
1018 1053 1141 1120 velatis.
1185 1053 1336 1137 Namque

210 1166 244 1224 ut
274 1158 374 1224 verba
397 1158 486 1237 Livii
515 1159 632 1244 ‚capite
667 1159 783 1225 velato‘
802 1157 863 1224 ‘ad
899 1158 985 1243 regis
1023 1164 1118 1243 eaput
1153 1156 1336 1224 referantur

209 1267 339 1346 propter
352 1261 459 1327 Latini
481 1263 637 1328 sermonis
653 1281 742 1328 usum
758 1261 825 1328 fieri
840 1261 958 1344 nequit.
996 1260 1210 1328 Nihilominus
1224 1265 1334 1326 tamen

210 1366 242 1429 in
266 1385 306 1430 ea
326 1385 360 1430 re
375 1364 500 1431 Livium
524 1385 648 1431 errasse
669 1371 755 1450 putor
792 1364 919 1430 Etenim
940 1370 973 1430 ut
987 1384 1089 1450 augur
1105 1364 1210 1449 capite
1223 1363 1334 1431 velato

212 1468 307 1533 fuerit
329 1467 380 1534 rel
402 1473 571 1554 propterea
596 1468 715 1534 factum
739 1487 810 1535 esse
831 1467 942 1550 nequit
963 1465 1048 1550 quod
1070 1467 1103 1531 in
1125 1468 1244 1553 templo
1260 1487 1335 1533 con-

211 1571 371 1638 stituendo
401 1571 441 1637 de
471 1592 533 1654 quo
563 1571 715 1657 deinceps
746 1571 908 1656 agendum
938 1572 997 1636 erit
1023 1571 1200 1654 avibusque
1229 1570 1335 1637 obser-

212 1673 327 1740 vandis
340 1674 510 1751 ¹oculorum
533 1695 624 1742 usum
641 1675 769 1740 minime
783 1674 970 1760 impeditum
986 1694 1134 1743 exercere
1150 1674 1288 1741 debebat
1299 1675 1335 1761 ²).

212 1779 327 1860 ltaque
356 1777 423 1844 fieri
450 1778 593 1863 potuisse
622 1784 656 1843 ut
685 1798 786 1862 augur
814 1778 919 1863 capite
949 1780 1053 1846 velato
1086 1778 1212 1845 sederet
1247 1778 1335 1845 nullo

213 1881 309 1947 modo
331 1881 498 1966 probabile
520 1889 577 1948 est.
615 1881 763 1964 Sequitur
785 1901 862 1965 ergo
885 1887 919 1947 ut
941 1888 996 1947 aut
1018 1882 1101 1948 Livii
1122 1883 1221 1985 verba
1235 1887 1337 1947 trans-

103 1990 107 1997 ⁴
213 2003 370 2070 ponamus
394 1991 449 2049 aut
470 1983 498 2049 si
521 1984 554 2050 id
576 1992 707 2070 propter
728 1984 1108 2051 codicum‘constantiam
1135 1985 1239 2051 minus
1267 1985 1336 2071 pla-

215 2094 302 2171 ceat,
326 2086 452 2153 Livium
475 2086 608 2155 fontium
632 2107 760 2155 suorum
781 2088 880 2154 uerba
902 2109 971 2154 uon¹
989 2094 1074 2154 recte
1096 2088 1338 2174 interpretatum

214 2211 285 2258 esse
321 2190 577 2277 concedamusi).
607 2230 647 2238 -
677 2190 748 2255 Iam
783 2211 859 2256 roro
895 2211 995 2276 pergo
1032 2192 1074 2257 ad
1111 2192 1254 2276 singulos
1291 2192 1337 2256 in-

214 2295 433 2378 augurationis
455 2294 533 2360 ritus
556 2313 731 2377 moresque.
769 2294 873 2378 Atque
895 2295 1028 2380 primum
1052 2295 1181 2378 quidem
1201 2294 1234 2360 id
1249 2294 1338 2378 quod

215 2420 234 2463 a
257 2397 348 2464 Livio
370 2419 435 2464 non
457 2398 564 2464 verbis
586 2397 713 2464 disertis
736 2404 1001 2464 commemoratur
1029 2399 1062 2463 in
1091 2399 1338 2483 inauguratione

214 2501 372 2567 sacrificia
409 2500 568 2583 quaedam
603 2501 771 2567 sollemnia
806 2501 905 2568 fuisse
935 2509 1071 2588 apparet
1107 2521 1147 2567 ex
1174 2502 1337 2568 Plutarchi

218 2604 400 2675 narratione
423 2605 478 2688 qui
492 2605 629 2670 Numam
653 2605 749 2671 etiarn
771 2604 955 2672 sacerdotes
977 2605 1087 2671 nescio
1109 2597 1190 2688 quos
1214 2606 1338 2692 (ἱερεῖς)

216 2712 343 2791 praeter
364 2728 502 2792 augures
526 2706 712 2774 adhibuisse
733 2714 868 2774 testatur
882 2714 913 2774 et
928 2729 968 2774 ex
982 2708 1077 2774 Dion.
1095 2707 1193 2791 antiq.
1208 2708 1261 2792 IV,
1285 2709 1338 2774 80.

215 2811 366 2876 Fortasse
389 2811 485 2876 etiarn
508 2810 551 2877 ad
572 2811 632 2877 hoc
661 2810 850 2877 sacrificium
879 2811 1017 2897 pertinet
1045 2812 1078 2878 id
1107 2810 1193 2894 quod
1221 2811 1340 2896 legitur

215 2915 303 2998 apud
324 2914 469 2980 Paullum
493 2915 532 2978 16
556 2934 581 2980 s.
604 2935 634 2980 v.
663 2914 773 2980 arcani
804 2916 968 2981 sermonis.
1013 2915 1117 2998 Atque
1145 2920 1179 2979 ut
1208 2913 1338 2981 tandem

216 3017 258 3082 ad
281 3037 436 3102 augurum
460 3018 566 3083 officia
586 3017 713 3084 ueniam
734 3017 870 3102 primum
902 3017 1029 3100 quidem
1059 3034 1162 3104 augur
1188 3025 1339 3104 precatur

216 3120 294 3186 deos
317 3119 358 3187 de
380 3140 444 3204 qua
466 3121 649 3206 precatione
671 3121 736 3186 iam
757 3140 856 3206 supra
870 3119 1066 3206 disputatum
1081 3123 1175 3205 est4).
1210 3120 1340 3188 Deinde

217 3229 322 3288 autern
345 3224 492 3308 regiones
515 3225 556 3291 ab
580 3225 700 3290 oriente
724 3224 766 3289 ad
783 3212 931 3291 occasum
948 3224 1138 3291 determinat
1152 3223 1236 3308 quod
1251 3230 1339 3291 recte

217 3327 318 3410 Marq.
340 3325 372 3391 ll.
397 3346 532 3410 eumque
561 3334 687 3394 secutus
709 3327 988 3394 Weissenbornius
1015 3326 1057 3393 ad
1080 3328 1148 3392 Liv.
1177 3327 1218 3394 de
1247 3328 1341 3395 decu-

217 3450 313 3495 rnano
336 3429 441 3496 idest
461 3420 548 3498 linea
569 3432 610 3498 ab
641 3431 761 3498 oriente
789 3428 832 3496 ad
859 3450 1006 3497 occasum
1036 3451 1147 3497 versus
1176 3429 1340 3518 descripta

217 3534 473 3620 interpretantur.
510 3535 622 3602 Utrum
646 3555 721 3600 vero
743 3534 777 3598 in
792 3534 958 3618 regionum
975 3533 1238 3602 determinatione
1253 3555 1338 3618 quae

217 3638 314 3703 tiebat
336 3637 413 3704 lituo
435 3638 541 3705 verbis
563 3637 769 3705 sollemnibus
792 3657 895 3725 augur
917 3658 993 3704 usus
1016 3639 1057 3704 sit
1079 3659 1143 3704 non
1171 3638 1269 3720 liquet
1298 3660 1339 3705 ac

286 3897 313 3964 1)
329 3895 423 3964 rauryr
440 3909 495 3950 ene.
514 3896 549 3961 11,
567 3894 641 3950 rire.
654 3927 687 3935 -
698 3898 728 3964 a)
747 3854 1116 3957 clauseramus.
1143 3895 1213 3949 rese
1232 3896 1290 3950 aaa.
1303 3927 1337 3936 -

218 3982 244 4048 3)
260 3981 387 4036 Fortasse
404 3981 476 4050 apud
493 3982 553 4037 illos
571 3988 641 4037 erat:
671 3981 705 4035 ad
723 3981 860 4036 meridiem
882 3996 975 4036 versus
999 3981 1119 4035 consedit
1141 3982 1227 4051 capite
1249 3981 1338 4038 velato

218 4081 303 4132 augur
321 4065 354 4120 ad
371 4067 473 4122 laevam
491 4068 549 4122 eius
567 4068 655 4123 sedem
674 4068 751 4136 cepit.
769 4096 803 4107 -
820 4067 846 4135 4)
862 4066 894 4121 cf.
913 4067 984 4122 Serv.
1003 4069 1069 4121 Aen.
1082 4067 1133 4132 VI,
1151 4068 1208 4121 197.
