2928 4874
776 334 816 399 18

716 422 880 433 ——-——-—---

323 524 397 591 adn.
441 523 608 590 Almonem
631 542 688 607 pro
710 524 907 591 Anemonem
929 522 1057 607 scripsit
1077 522 1223 592 Ursinus.
1265 524 1362 590 Anio-

238 650 311 697 nem
326 625 538 695 Heindorfius.
554 625 753 696 Anemonem
769 647 879 695 omnes
892 625 984 694 codd.
996 626 1212 693 -Nodinum
1224 612 1364 694 correxit

241 752 280 797 ex
295 731 434 799 Nonium
456 730 483 795 Β
506 762 546 785 ==
569 731 660 797 Leid.
683 733 734 798 86.
1213 731 1216 736 ’

322 833 364 901 cf.
386 832 628 910 Ambroschium
651 834 714 920 ,die
735 833 1021 921 Religionsbdcher
1043 833 1099 900 der
1113 834 1238 901 Rdmer.
1268 834 1363 900 Boon

215 939 343 1004 .1843.‘
364 959 396 1023 p.
411 939 463 1002 40.
508 935 606 1015 Quod·
623 937 656 1003 in
678 938 793 1024 fragm.
815 937 879 1003 ffls
900 937 1025 1004 Tiberis
1048 935 1362 1004 coluber-flexuosus

237 1042 418 1129 appellatur
439 1040 480 1106 oi.
503 1040 591 1106 Serv.
614 1041 694 1106 Aen
710 1041 795 1126 VIII,
819 1042 869 1106 63.

322 1143 452 1230 Fragm.
475 1144 520 1210 IV
540 1175 583 1199 =
605 1144 691 1210 Fest.
716 1146 792 1210 161:
830 1146 1008 1226 Marspedis
1030 1143 1099 1211 sive
1121 1145 1190 1210 sine
1216 1143 1364 1209 litterar

236 1251 395 1331 maspedis
423 1248 458 1312 in
486 1247 670 1331 precatione
699 1247 921 1314 solitaurilium
950 1248 1062 1331 (Turn.
1086 1246 1172 1313 Soal.
1201 1248 1273 1314 Urs.
1304 1248 1364 1311 im-

235 1351 408 1437 precaticie
430 1351 526 1417 solita
548 1350 677 1417 vallium
708 1349 817 1435 codd.)
848 1350 925 1433 quid
956 1350 1115 1435 significet
1143 1371 1185 1417 ne
1207 1351 1365 1416 Messalla

236 1454 364 1539 quidem
400 1473 502 1539 augur
545 1455 578 1520 in
622 1453 847 1540 explanafione
892 1456 1097 1540 augurIorum
1140 1454 1281 1538 reperire
1324 1473 1362 1519 se

236 1558 379 1644 potuisse
400 1557 454 1624 ait.

320 1661 361 1727 cf.
384 1662 486 1727 Varro
509 1658 550 1726 de
571 1660 649 1745 ling.
670 1661 741 1726 Lat.
764 1661 810 1744 X,
834 1662 884 1726 63.
913 1660 1002 1744 VIII,
1025 1661 1076 1725 33.
1098 1662 1150 1724 49.

323 1764 497 1850 Frang
518 1796 559 1818 ==
581 1763 683 1829 Varro
706 1762 746 1829 de
768 1763 789 1828 l.
812 1763 882 1829 Lat.
899 1764 935 1848 V,
959 1764 1015 1829 58:
1045 1762 1131 1830 ethi
1153 1767 1212 1844 (se.
1236 1763 1363 1829 eaelum

237 1876 269 1936 et
289 1875 374 1935 terra
395 1868 463 1933 sive
485 1864 642 1933 Saturnus
665 1872 703 1932 et·
718 1865 799 1952 Ops)
826 1887 905 1950 quos
935 1881 1092 1951 augurum
1119 1864 1192 1931 libri
1222 1867 1362 1952 scriptos

236 1973 357 2038 habent
378 1971 425 2037 sio
451 1972 517 2037 divi
543 1974 601 2053 qui
629 1976 724 2052 potes
752 1990 810 2054 pro
841 1970 895 2035 illo
925 1969 1010 2052 quod
1032 1967 1258 2036 Samothraces
1287 1978 1364 2038 drot

240 2078 381 2141 δυνατοί.
1004 2134 1006 2141 ⁴

276 2194 287 2211 ³
322 2176 396 2243 adn.
414 2197 471 2241 cr:
495 2176 548 2243 dei
569 2176 624 2259 qui
646 2175 739 2243 codd.
762 2183 797 2241 ut
819 2174 944 2242 videtur
958 2195 1151 2259 quamquam
1167 2177 1361 2264 Spengelius

239 2282 284 2347 dii
306 2301 345 2349 ex
367 2281 453 2367 vulg.
476 2279 614 2346 retinuit.

321 2384 381 2450 His
396 2382 548 2450 subsidiis
570 2382 716 2449 instructi
738 2383 781 2448 ad
802 2383 907 2450 locum
920 2381 1051 2467 Vergilii
1074 2382 1227 2449 accedere
1250 2405 1362 2469 possu-

183 2496 186 2509 “
235 2509 305 2555 mus
328 2507 422 2572 quem
437 2487 566 2553 Servius
590 2485 632 2552 ad
654 2487 841 2572 auguralem
862 2486 1067 2572 disciplinam
1082 2485 1186 2552 refert.
1223 2487 1362 2555 Exstant

237 2592 321 2658 enIm
342 2591 376 2657 in
390 2589 471 2657 Aen.
486 2589 560 2674 XII,
582 2611 633 2656 vv.
651 2591 722 2655 176.
738 2611 808 2674 sqq.
831 2590 911 2657 haee
930 2589 1041 2657 verba:
1064 2595 1131 2655 tum
1145 2590 1217 2674 pius
1233 2592 1363 2660 Aeneas

237 2695 345 2761 stricto
368 2693 414 2759 sic
438 2713 515 2760 ense
536 2700 685 2779 precatur

343 2797 427 2881 Esto
443 2816 529 2864 nune
551 2796 607 2862 Sol
629 2796 720 2862 testis
743 2786 876 2863 ethaeo
898 2795 977 2863 mihi
999 2803 1084 2861 terra
1105 2796 1250 2880 precanti

343 2900 448 2981 Quam
468 2904 598 2987 propter
619 2905 726 2966 tantos
748 2900 838 2985 potui
859 2899 999 2985 perferre
1021 2899 1149 2965 labores
1302 2894 1306 2899 ’

342 3005 384 3071 Et
405 3010 497 3090 pater
519 3003 721 3088 omnipotens
743 3010 775 3069 et
796 3009 830 3069 tu
852 3002 1005 3069 Saturnia
1025 3002 1106 3067 Iuno

341 3105 411 3174 Iarir
432 3106 545 3173 melior
566 3107 631 3172 iam
654 3108 735 3175 diva·
749 3122 863 3194 precor
884 3113 980 3189 tuque
1002 3105 1109 3171 inclite
1130 3105 1260 3173 Mavors

344 3210 467 3278 (iuncta
488 3216 542 3276 tuo
566 3210 619 3293 qui
641 3210 726 3277 bella
747 3216 847 3296 pater·
861 3209 920 3276 sub
942 3207 1071 3274 numine
1094 3213 1222 3292 torques

342 3315 523 3398 Fontesque
544 3314 722 3396 fluviosque
744 3333 824 3381 voco
847 3331 992 3396 quaeque
1014 3311 1152 3379 aetheris
1175 3314 1231 3379 alti

344 3418 470 3504 Religio
493 3425 524 3485 et
546 3438 629 3502 quae
651 3417 799 3485 caeruleo
822 3422 896 3483 sunt
918 3416 1049 3481 numina
1070 3422 1179 3502 ponto.

322 3522 374 3589 Ad
388 3522 447 3589 hos
462 3542 574 3589 versus
583 3521 712 3588 Servius
727 3520 808 3587 haec
823 3519 1003 3587 adnotavit:
1020 3525 1062 3604 ‚et
1075 3518 1137 3584 hoc
1151 3539 1209 3605 per
1220 3521 1364 3607 speeiem

237 3626 362 3714 augurii
391 3644 474 3709 quae
503 3625 661 3711 ‚precatio
691 3625 847 3691 maxima‘
876 3624 1057 3709 appellatur
1095 3621 1180 3689 dicit.
1214 3627 1363 3709 precatio

238 3739 344 3798 autem
365 3729 508 3795 maxima
527 3736 576 3796 est
590 3749 685 3814 quum
699 3730 806 3813 plures
822 3727 902 3794 deos
917 3746 1013 3810 quam
1035 3726 1068 3791 in
1085 3727 1199 3793 ceteris
1214 3730 1362 3813 partibus

237 3834 440 3921 auguriorum
469 3839 618 3918 precatur
646 3837 842 3915 eventusque
871 3831 918 3897 rei
945 3830 1049 3897 bonae
1083 3830 1225 3914 poscitur
1259 3838 1294 3898 ut
1328 3833 1363 3898 in

236 3937 350 4004 melius
371 3936 482 4002 invent
503 3935 588 4020 quod
610 3935 660 4001 his
688 3934 834 4002 versibus
862 3932 1057 4002 ostenditur!
1100 3933 1195 4003 Dicet
1223 3934 1363 4002 fortasse

237 4040 398 4126 quispiam
418 4040 478 4107 hos
501 4039 702 4124 Vergilianos
724 4058 835 4106 versus
863 4059 902 4104 ex
923 4036 1054 4104 Homeri
1077 4036 1179 4104 Iliade
1207 4057 1279 4105 esse
1308 4038 1363 4106 de-

237 4149 380 4230 sumptos
402 4143 458 4210 ubi
480 4143 543 4228 III,
566 4144 637 4209 276.
661 4162 730 4226 sqq.
753 4143 835 4209 haec
856 4142 1020 4228 leguntur:
