2928 4874
644 279 685 373 ai

107 496 281 563 arbitratur
302 496 386 564 hanc
408 497 682 584 inaugurationem
695 519 801 593 ‚quam
817 497 968 565 describit
981 497 1092 565 Livius
1108 519 1129 564 a
1143 499 1228 586 regis

73 602 76 608 “
106 599 278 667 sacrificuli
300 600 544 688 inauguratione
565 622 735 690 perperam
756 602 800 670 ad
820 612 914 688 reges
935 601 1024 687 ipsos
1040 603 1229 669 translatam

106 723 188 772 esse.
230 703 380 770 Attamen
402 725 477 773 vero
500 707 661 790 quaeritur
682 726 764 791 quae
786 706 827 772 sit
848 709 897 774 vis
919 712 1014 790 atque
1036 706 1228 793 significatio

105 807 370 895 inaugurationis.
413 808 621 894 Inauguratio
643 816 750 876 antem
772 811 892 876 utiam
923 829 1021 894 supra
1048 809 1229 896 significavi

15 912 17 941 ¹
107 911 297 979 consultatio
320 911 479 996 quaedam
502 911 634 980 deorum
656 920 705 980 est
732 918 836 980 utrum
864 913 1001 997 aliquem
1030 933 1068 981 eo
1098 924 1234 980 munere

15 1042 17 1107 g
106 1015 199 1102 iungi
231 1016 330 1082 velint
359 1014 401 1081 ad
431 1014 517 1100 quod
545 1016 742 1103 fungendum
770 1019 909 1105 populus
935 1032 1011 1083 veum
1047 1015 1228 1084 destinarit.

15 1114 17 1175 ἰ
106 1119 186 1185 Deis
208 1125 314 1185 autem
343 1118 523 1188 nolentibus
552 1121 682 1186 dubium
713 1140 784 1188 esse
814 1141 879 1186 non
907 1126 1015 1207 potest
1028 1121 1117 1205 quin
1147 1142 1229 1189 com-

15 1228 17 1293 ff
108 1222 227 1308 pluries
249 1241 321 1289 earn
341 1221 618 1309 inaugurationem
640 1224 741 1311 repeti
762 1225 894 1292 vetitum
916 1224 1020 1291 fuerit.
1064 1223 1106 1288 At
1132 1224 1228 1309 longe

15 1336 17 1409 j
109 1325 305 1392 abacorum
332 1326 544 1412 auspiciorum
573 1328 719 1396 condicio
749 1335 798 1395 est
827 1340 910 1412 quae
939 1349 960 1394 a
985 1326 1230 1412 magistratibus

15 1456 21 1513 ὲ
109 1427 247 1496 honores
269 1427 460 1497 adeuntibus
483 1432 606 1518 captari
628 1432 783 1499 solebant.
828 1431 953 1498 Etenim
975 1450 1015 1496 ea
1036 1429 1182 1516 auspicia
1203 1430 1232 1496 si

108 1532 190 1599 sorte
217 1524 359 1599 infausta
386 1535 568 1602 evadebant
597 1535 786 1622 compluries
815 1536 916 1620 repeti
943 1540 1091 1622 poterant
1127 1532 1230 1601 donec

107 1635 216 1702 fausta
237 1635 420 1703 evaderent.
456 1639 604 1722 Namque
626 1636 712 1722 quod
735 1638 898 1704 contendit
918 1640 1134 1705 Mommsenus
1164 1636 1231 1723 ‚die

106 1738 337 1824 Inauguration
366 1740 423 1807 des
450 1740 668 1827 Opferkdnigs
696 1742 738 1807 ist
764 1741 1051 1828 hervorgegangen
1078 1761 1137 1807 aus
1173 1741 1231 1807 der

15 1846 17 1915 ἶ
107 1842 373 1929 ursprttnglichen‘
402 1851 508 1913 ersten
536 1845 745 1930 Auspication
779 1843 836 1911 des
864 1845 991 1930 Kbnigs
1024 1842 1091 1909 und
1125 1844 1229 1911 neben

15 1930 17 2053 Ξ
108 1944 217 2012 dieser
237 1945 362 2027 formell
384 1947 445 2013 wie
467 1948 623 2014 materiei]
646 1948 698 2014 fiir'
726 1948 819 2015 einen
847 1948 1027 2017 besondem
1054 1948 1230 2033 Inaugura·
1362 2016 1365 2021 ,

15 2066 17 2091 ³
104 2050 245 2117 tionsact
283 2048 359 2115 kein
386 2051 499 2116 Raum‘
534 2072 598 2118 non
633 2053 791 2137 reputavit
820 2053 905 2138 regis
936 2050 1129 2118 creationem
1163 2056 1230 2117 turn

67 2168 74 2185 ’
105 2151 235 2220 demum
256 2153 431 2238 perfectam
454 2172 525 2233 esse
548 2175 620 2221 cum
642 2161 716 2241 post
743 2155 1021 2242 inaugurationem
1048 2154 1230 2222 declaratus
1318 2158 1319 2165 ’

105 2255 149 2323 dc
171 2259 288 2343 templo
311 2256 477 2324 descendit
498 2259 618 2324 utiam
641 2277 739 2345 supra
761 2259 950 2345 significavi.
993 2260 1032 2323 In
1062 2258 1231 2343 inaugura-

105 2358 194 2426 tione
215 2360 313 2445 igitur
333 2381 398 2427 non
420 2381 477 2428 rex
498 2362 738 2447 inaugurandus
761 2360 819 2428 sed
840 2362 946 2447 potius
968 2362 1107 2428 interrex
1127 2360 1232 2446 auspi·

105 2462 167 2529 ciis
189 2462 320 2530 deorum
341 2465 536 2533 voluntatem
558 2466 713 2550 explorat.
757 2465 799 2530 At
820 2469 991 2552 postquam
1020 2485 1076 2531 rex
1104 2471 1230 2532 creatus

105 2571 156 2633 est
184 2567 255 2652 ipse
284 2567 366 2637 sicut
392 2568 599 2655 magistratus
629 2568 784 2636 adeuntes
820 2569 972 2654 auspiciis
1009 2589 1139 2654 operam
1175 2567 1231 2634 dat

15 2678 17 2691 '
105 2689 145 2737 eo
183 2671 296 2737 scililet
331 2670 467 2739 consilio
500 2678 535 2738 ut
571 2672 604 2738 id
641 2671 725 2756 quod
762 2672 899 2758 primum
935 2678 1139 2758 suscepturus
1183 2676 1232 2739 est

104 2779 212 2839 utrum
239 2773 308 2841 deis
337 2776 467 2860 placeat
494 2795 596 2842 necne
625 2776 804 2862 investiget.
837 2776 942 2863 ,llrgo
972 2776 1090 2861 optime
1117 2794 1157 2842 ex
1184 2775 1231 2842 rei

15 2947 17 2959 ¹
104 2876 256 2962 publicae
291 2880 456 2945 Romanae
491 2879 644 2947 institutis
680 2880 767 2963 regis
811 2878 1088 2963 inaugurationem
1131 2879 1230 2966 expli·
1305 2895 1308 2898 ’

15 3040 17 3067 ,
98 2971 173 3046 'cari
208 3000 306 3065 posse
342 2981 375 3046 in
411 2982 580 3069 propatulo
616 2988 665 3049 est
699 2982 763 3048 nisi
798 2981 880 3049 forte
924 3002 994 3048 oum
1032 2983 1229 3050 Mommseno

106 3083 217 3149 omnia
252 3082 361 3170 regiae
397 3086 564 3171 potestatis
601 3085 709 3153 officia
746 3105 785 3151 ex
825 3085 1067 3172 magistratuum
1111 3085 1231 3154 liberae

103 3184 303 3270 reipublicae
338 3188 488 3255 institutis
525 3195 709 3275 computare
744 3189 946 3255 voluerimus.
983 3229 1025 3237 -
1061 3190 1126 3277 Sed
1168 3190 1230 3257 hac

104 3287 324 3375 disputatione
352 3290 495 3358 adducor
525 3299 559 3359 ut
586 3293 726 3377 paucula
760 3291 919 3376 quaedam
954 3291 994 3358 de
1028 3293 1231 3360 sacerdotum

66 3418 71 3429 ·
101 3391 353 3475 inauguratione
384 3394 511 3462 addam.
570 3396 618 3463 Ao
646 3396 833 3463 nominatim
868 3394 994 3479 quidem
1029 3397 1232 3482 appellantur

103 3514 164 3563 rex
187 3514 348 3563 sacrorum
371 3497 516 3567 flamines
537 3499 704 3584 pontifices
727 3516 866 3585 augures
888 3497 968 3587 Salii
990 3518 1070 3582 quos
1099 3500 1231 3584 inaugu-

102 3605 195 3665 ratos
223 3617 295 3666 esse
325 3607 458 3668 constat.
507 3602 579 3680 Huc
608 3601 766 3669 accedunt
802 3601 942 3688 virgines
969 3602 1115 3668 Vestales
1148 3623 1229 3686 quas

80 3708 180 3771 'cum
210 3705 401 3788 exaugurari
430 3706 574 3791 potuisse
603 3712 726 3773 constet
734 3705 760 3794 ¹)
787 3706 885 3773 etiarn
912 3705 1122 3793 inauguratae
1157 3724 1229 3773 esse

100 3812 196 3873 recte
225 3806 520 3894 coniectabnnw).
576 3809 723 3894 Namque
752 3808 839 3894 quod
867 3809 1084 3877 Mommsenus
1113 3809 1164 3890 (R.
1195 3810 1227 3877 S.

100 3999 315 4010 .....-.--—.-—

176 4131 203 4201 1)
221 4131 288 4188 Gell.
306 4133 370 4201 VII,
387 4136 410 4190 7.
428 4138 452 4193 4.
486 4136 558 4194 cht
576 4134 635 4193 241.
653 4165 687 4179 -
703 4137 730 4205 2)
747 4136 780 4194 of.
798 4135 909 4194 Merclrl.
929 4135 1022 4210 Goopt.
1039 4153 1065 4209 p.
1084 4135 1124 4191 76.
