2928 4874
713 398 717 399 f
738 305 866 401 ,42

215 492 360 577 quamvis
382 492 416 557 in
445 510 516 557 eum
544 491 649 577 ipsum
679 492 763 591 dicus
786 490 980 577 Compitalia
1009 497 1166 577 concepta
1194 491 1348 576 essentl).

216 596 330 680 Neque
359 601 467 662 tamen
497 593 553 659 din
573 598 623 661 'ea
653 594 706 661 lcx
733 602 821 663 stare
852 600 988 680 poterat.
1032 593 1074 659 At
1107 614 1184 662 vero
1213 594 1249 659 Ο.
1276 594 1351 660 Iulii
1443 626 1445 653 2

216 697 364 765 Caesaris
386 698 476 783 leges
499 716 579 781 quas
606 698 686 782 Ipsis
715 699 829 765 diebus
860 698 983 766 ferians
1015 696 1131 763 tulerat
1159 718 1252 764 nemo
1282 702 1351 764 tam
1443 692 1445 707 '

213 809 329 886 potens
351 806 420 867 erat
441 801 496 882 qui
517 801 701 869 rescindere
720 807 841 887 posset.
1443 790 1445 871 J

300 905 428 989 Pragm.
451 902 576 970 XXVII
593 935 632 958 α
648 904 749 969 Varro
772 904 809 969 L.
833 905 869 969 L.
893 903 930 986 V,
953 904 1004 968 37:
1027 910 1062 970 ut
1084 903 1188 970 nostri
1210 920 1351 987 augures
1443 896 1445 989 ξ

214 1005 335 1091 publici
357 1006 534 1098 disserunt,
565 1025 716 1090 agrorum
744 1012 818 1072 sunt
846 1023 967 1091 genera
996 1006 1152 1090 quinque:
1184 1007 1352 1072 Romanus

214 1108 361 1176 Gabinus
376 1109 570 1193 Peregrinus
586 1109 738 1175 Hostibus
752 1109 908 1175 Incertus.
949 1109 1113 1176 Romanus
1136 1104 1239 1175 dictus
1262 1108 1353 1175 unde

215 1213 316 1277 Roma
347 1212 388 1278 ab
417 1212 552 1278 Romulo
586 1210 733 1278 Gabinus
762 1213 804 1278 ab
828 1210 962 1296 'oppido
992 1210 1105 1277 Gabis.
1156 1210 1353 1294 Peregrinus

215 1334 294 1399 ager
322 1320 459 1399 pacatus
490 1315 545 1397 qui
574 1320 666 1380 extra
692 1316 871 1381 Romanum
902 1311 989 1396 quod
1019 1333 1081 1379 uno
1112 1313 1207 1380 modo
1236 1312 1271 1378 in
1300 1313 1353 1380 his

216 1423 367 1484 secuntur
402 1417 550 1503 auspicia
587 1417 692 1483 dictus
723 1417 917 1502 Peregrinus
946 1436 966 1481 a
995 1415 1160 1501 pergendo
1189 1414 1300 1482 idest
1330 1436 1354 1481 a

216 1519 453 1605 progrediendo
477 1540 515 1586 eo
542 1521 627 1587 enirn
658 1540 698 1585 ex
727 1540 806 1603 agro
829 1520 973 1586 Romano
1003 1520 1138 1603 primurn
1167 1519 1355 1609 progredie-

214 1624 332 1688 bantur
351 1625 502 1706 quocirca
517 1623 663 1689 Gabinus
679 1641 805 1706 quoque
819 1622 1012 1708 Peregrinus
1028 1623 1086 1689 sed
1102 1622 1187 1705 quod
1201 1622 1353 1706 auspicia

103 1753 106 1757 ·
214 1726 312 1791 habet
326 1726 506 1810 singularia
521 1726 562 1792 ab
578 1726 700 1809 reliquo
717 1724 883 1792 discretus.
897 1724 901 1731 ’
913 1724 1064 1791 Hosticus
1081 1725 1184 1791 dictus
1200 1724 1241 1790 ab
1253 1718 1353 1790 hosti-

215 1830 285 1894 bus.
321 1829 466 1896 Incertus
489 1829 516 1894 is
540 1848 618 1913 ager
640 1829 695 1913 qui
716 1829 758 1894 de
779 1828 830 1892 his
851 1833 1001 1910 quattuor
1022 1826 1077 1910 qui
1100 1827 1141 1893 sit
1163 1828 1351 1911 ignoratur‘.

380 1933 422 1997 M.
436 1933 472 1995 Ε.
486 1931 528 2017 Π,
541 1932 612 1997 121.
635 1932 670 1995 Β.
681 1934 722 1998 M.
731 1932 786 2016 IV,
796 1929 953 1995 350.‘adn.
963 1930 1095 1995 31.353.
1118 1929 1159 1994 Μ.
1169 1931 1205 1995 R.
1215 1930 1248 1995 S.
1257 1930 1283 2013 Ι,
1297 1931 1351 1994 23.

301 2033 589 2119 Distinguebantur
619 2040 724 2103 autem
753 2033 835 2120 haec
870 2032 1010 2115 quinque
1044 2052 1166 2116 genera
1199 2033 1271 2117 agri
1307 2035 1351 2099 ab

217 2137 392 2224 auguribus
424 2138 494 2204 sine
526 2137 623 2203 dubio
654 2142 784 2222 propter
811 2136 999 2201 uarietatem
1027 2135 1252 2220 auspiciorum.
1302 2136 1353 2200 Ac
1442 2184 1443 2189 .

217 2241 353 2326 primurn
376 2239 505 2323 quidem
527 2234 631 2306 locum
655 2246 742 2308 tenet
763 2259 843 2325 ager
865 2238 1028 2303 Romanus
1051 2257 1114 2320 quc
1136 2238 1252 2322 priscis
1274 2245 1353 2306 tem-

217 2337 364 2429 poribus
379 2344 589 2429 imperatores
619 2342 725 2410 redire
755 2342 923 2427 oportebat
958 2341 987 2406 si
1024 2346 1168 2426 repetere
1203 2342 1353 2428 auspicia
1442 2366 1444 2421 i

218 2466 299 2531 opus
329 2452 406 2514 erat.
435 2445 476 2513 cf.
504 2445 703 2529 LiuXXIl,
728 2445 756 2509 1.
783 2449 811 2508 7.
840 2443 928 2527 VIII,
951 2446 1002 2508 30.
1026 2444 1077 2507 32.
1106 2444 1148 2527 Χ,
1172 2445 1202 2508 3.
1225 2445 1352 2529 XXIH,
1442 2478 1444 2509 r

219 2549 270 2613 19.
293 2551 344 2614 36.
360 2587 404 2598 --
418 2548 483 2615 Sed
507 2569 578 2615 curn
599 2553 674 2633 post
687 2546 807 2614 bellum
821 2546 975 2612 Punicum
992 2544 1169 2611 secundum
1182 2547 1351 2633 imperium
1443 2552 1444 2635 j

218 2651 347 2737 longius
368 2651 528 2735 prolatum
551 2658 637 2723 esset
658 2650 835 2715 institutum
858 2655 908 2715 est
930 2654 964 2713 ut
985 2667 1067 2714 unus
1088 2648 1178 2715 locus
1201 2649 1243 2716 de
1271 2670 1353 2735 agro
1443 2730 1444 2747 χ

218 2755 347 2839 captivo
363 2753 526 2820 Romanus
549 2752 638 2819 fieret
660 2772 723 2835 quc
746 2752 812 2816 dux
834 2752 863 2816 si
885 2740 1031 2836 auspicia
1053 2752 1153 2836 repeti
1169 2770 1249 2836 opus
1265 2758 1353 2819 essct

130 2892 134 2897 ·
218 2856 337 2923 rediret
357 2861 438 2922 teste
459 2855 572 2922 Servio
594 2854 637 2938 H,
661 2855 733 2919 178.
769 2853 820 2919 De
843 2874 922 2938 agro
945 2853 1073 2920 Gabino
1089 2853 1352 2939 Gabinorumque

218 2958 375 3044 singulari
398 2958 587 3025 condicione
610 2954 711 3025 adeas
733 2958 775 3023 ll.
798 2956 835 3023 E.
858 2956 901 3042 Π,
922 2957 994 3021 121.
1039 2959 1090 3022 De
1110 2956 1286 3042 Peregrina
1310 2958 1350 3024 cf.

217 3063 304 3131 Fest.
328 3061 400 3126 245.
423 3062 496 3155 253.
637 3055 640 3059 ’

303 3164 433 3250 Fragm.
450 3162 592 3230 XXVIII
607 3195 648 3218 =
664 3162 731 3229 (tic.
754 3162 796 3229 de
817 3182 883 3247 rep.
897 3164 922 3246 1,
944 3163 997 3226 40.
1016 3162 1083 3227 63.;
1108 3161 1193 3227 Nam
1212 3160 1352 3230 dictator

219 3269 347 3354 quidem
370 3268 412 3332 ab
436 3286 474 3332 eo
497 3265 679 3351 appellatur
702 3265 788 3350 quod
810 3264 934 3329 diritur.
970 3263 1038 3332 sed
1059 3265 1094 3330 in
1116 3263 1233 3330 nostris
1259 3264 1351 3330 libris

219 3372 311 3438 vides
334 3390 406 3437 eum
428 3369 522 3435 Laeli
541 3372 740 3451 magistrum
761 3369 876 3450 populi
906 3367 1084 3452 appellari‘.
1129 3366 1170 3433 cf.
1194 3366 1268 3432 Seu.
1301 3388 1351 3452 ep.

220 3475 292 3539 108.
338 3471 404 3538 oto.
428 3471 469 3538 de
491 3472 543 3536 fin.
567 3472 626 3556 III,
650 3474 776 3537 2275.
820 3472 921 3537 Varro
945 3468 981 3535 L.
1004 3470 1042 3536 L.
1065 3470 1102 3553 V,
1134 3470 1184 3535 82.
1216 3470 1276 3554 Vl,
1300 3471 1349 3534 91.

219 3577 373 3642 Fortasse
402 3575 464 3641 hue
494 3575 633 3661 pertinet
655 3574 824 3642 SaturnIus
853 3572 908 3640 ille
937 3572 1025 3659 apud
1051 3571 1172 3638 Velium
1202 3573 1350 3659 Longum

221 3679 262 3745 de
286 3677 424 3763 orthogr.
454 3678 596 3744 2234.Ρ.
626 3697 720 3760 quern
741 3675 938 3743 Meroklinus
967 3676 1001 3741 in
1021 3673 1188 3760 Philologi-
1212 3675 1275 3740 vol.
1298 3675 1350 3740 lV.
1441 3704 1442 3707 ¹

182 3776 184 3781 ’
222 3779 457 3850 commentariis
478 3779 643 3848 consulum
666 3779 841 3870 attribuite
934 3766 938 3770 “

419 3882 536 3950 Oriens
559 3884 672 3949 consul
690 3887 880 3968 magistrum
902 3880 1036 3968 poupuli
1059 3879 1153 3947 dIcat.

223 4024 431 4034 .....-....----

229 4170 232 4177 ¹
292 4106 317 4173 1)
335 4105 398 4160 Asc.
417 4106 459 4161 ed.
478 4106 522 4161 Or.
542 4105 582 4161 65.
619 4105 649 4161 cl.
668 4105 698 4161 L.
717 4106 747 4161 L.
766 4106 801 4162 Η.
818 4105 846 4160 ll.
