2928 4874
601 315 767 412 A

104 502 216 571 Festo
238 500 310 587 ipso
333 522 419 568 nova
440 502 599 585 quaedam
621 502 841 593 depromserit
855 524 939 587 quae
961 525 1073 573 omnes
1099 526 1248 573 numeros

104 604 261 670 veritatis
280 605 413 690 explere
435 604 592 672 videntur.
616 645 656 654 -
680 607 826 674 Ceterum
849 608 1022 692 augurales
1049 608 1123 675 libri
1150 610 1248 675 etiam

66 758 71 761 -
106 707 185 774 alia
205 713 381 794 praecepta
403 706 576 775 tradidisse
598 708 747 776 videntur
769 710 886 792 quibus
901 710 1090 776 nominatim
1106 711 1136 776 ei
1151 711 1250 797 signi-

104 810 297 878 ficabantur
318 810 373 894 qui
396 811 592 897 spectionem
615 832 680 879 non
701 811 866 878 habebant
886 819 922 878 ut
943 819 1085 899 apparet
1109 833 1149 879 ex
1171 813 1248 879 Var-

106 913 205 979 ronis
227 913 310 981 libro
333 933 427 997 quem
449 913 579 998 scripsit
602 914 643 982 de
663 914 742 999 ling.
767 916 837 981 Lat.
861 915 919 999 VI,
944 917 1010 981 it:
1040 922 1072 981 et
1099 916 1186 998 quod
1214 904 1260 981 in

107 1015 272 1101 auspiciis
301 1015 504 1082 distributum
533 1022 582 1083 est
619 1017 673 1101 qui
709 1017 906 1103 spectionem
939 1017 1060 1086 habent
1094 1018 1148 1101 qui
1183 1038 1248 1085 non

107 1118 279 1186 habeant‘.

202 1221 333 1308 Fragm.
353 1223 462 1305 XXVI
477 1256 518 1280 ε-
534 1222 676 1290 Macrob.
692 1223 760 1289 Sat.
784 1223 808 1307 I,
834 1224 882 1289 16.
898 1224 966 1289 37.;
990 1225 1137 1292 vitabant
1151 1227 1248 1293 etiam

108 1325 208 1392 feriis
230 1324 289 1405 (sc.
312 1325 383 1394 dies
405 1325 449 1392 ad
470 1326 556 1393 viros
585 1325 763 1405 vocandos)
794 1325 877 1392 sicut
898 1327 1000 1395 Varro
1030 1328 1063 1393 in
1092 1347 1248 1414 augurum

108 1428 208 1495 libris
231 1428 343 1495 scribit
363 1429 397 1494 in
420 1427 501 1497 haec
524 1430 639 1496 verba:
663 1433 911 1510 ‚virosrocure
924 1432 1020 1498 feriis
1035 1448 1103 1497 nun
1117 1437 1249 1516 oportet

59 1530 64 1551 '
108 1533 142 1598 si
166 1534 296 1600 vocant
317 1535 487 1614 piaculum
509 1538 600 1602 estu‘.

202 1634 299 1702 Nullo
326 1634 423 1702 modo
451 1634 583 1701 dubium
613 1654 686 1702 esse
712 1642 818 1720 potest
847 1635 935 1718 quinv
954 1635 1015 1704 hoc
1043 1643 1250 1722 praeceptum

110 1737 327 1822 auguralibus
355 1737 445 1804 libris
475 1739 698 1805 attribuamus.
743 1738 892 1820 Namque
921 1739 1048 1805 etiamsi
1074 1739 1136 1806 hoc
1164 1739 1250 1824 frag-

110 1844 260 1906 mentum
282 1860 303 1905 a
316 1839 481 1907 Macrobio
497 1860 516 1907 e
530 1841 684 1908 Varronis
707 1841 933 1924 antiquitatum
948 1840 1030 1908 libro
1045 1841 1139 1908 tertio
1155 1861 1249 1926 quem

77 1992 81 1996 .
110 1941 158 2008 de
182 1943 358 2027 auguribus
381 1944 509 2029 scripsit
531 1943 709 2010 desumtum
726 1963 798 2012 esse
813 1943 981 2011 statuimus
997 1949 1137 2010 attamen
1153 1944 1250 2012 totius

110 2045 283 2132 praecepti
305 2046 394 2113 color
423 2048 655 2130 verborumque
683 2047 885 2115 sollemnium
914 2047 1058 2132 gratim
1088 2047 1186 2114 efficit
1215 2053 1251 2114 ut

109 2147 295 2214 Varronem
317 2150 520 2235 auguralium
542 2149 695 2216 librorum
717 2155 925 2237 praeceptum
946 2149 1117 2235 protulisse
1146 2150 1250 2217 conlui

111 2254 272 2335 oporteat.
325 2252 598 2336 Quemquamne
627 2272 687 2339 ego
723 2251 852 2336 quidem
886 2252 992 2318 locum
1027 2272 1142 2318 sanum
1177 2271 1250 2319 esse

111 2353 307 2438 putaverim.
351 2354 499 2438 Namque
521 2354 655 2441 pluralis
677 2374 828 2444 numerus
850 2340 1020 2445 ,augurum
1049 2354 1132 2420 libri‘
1161 2354 1249 2421 nullo

110 2455 213 2522 modo
244 2457 398 2544 explicari
428 2463 542 2542 potest.
591 2458 700 2525 Unum
729 2458 814 2524 enim
842 2457 958 2525 librum
989 2457 1114 2523 tertium
1144 2477 1250 2523 rerum

110 2558 297 2626 divinarum
320 2560 422 2626 Varro
445 2559 486 2626 de
509 2562 684 2646 auguribus
711 2560 841 2646 scripsit
871 2577 976 2642 neque
1004 2559 1140 2625 aliorum
1170 2560 1251 2626 eius-

111 2661 191 2728 dem
214 2662 255 2728 de
277 2662 450 2750 disciplina
473 2661 622 2748 augurali
642 2663 795 2730 librorum
821 2661 887 2728 ulla
908 2662 1047 2748 uestigia
1069 2668 1249 2747 supersunt.

112 2765 231 2848 Itaque
254 2764 419 2831 adsentior
433 2765 641 2832 Merkeliou.
665 2764 696 2830 d.
721 2766 774 2849 qui
796 2765 830 2831 in
852 2764 944 2852 proll.
960 2764 1049 2831 Fast.
1066 2763 1159 2832 Ovid.
1178 2765 1249 2829 115.

112 2887 175 2953 pro
197 2867 252 2951 ,in‘
274 2868 403 2952 ,inesse‘
425 2867 631 2935 scribendum
652 2868 812 2954 proponit.

203 2969 296 3047 Quod
319 2970 465 3063 inlibris
488 2970 550 3037 viri
571 2971 681 3037 vocari
702 2974 851 3036 vetantur
878 2969 1018 3054 pertinet
1046 2969 1089 3035 ad
1119 2968 1251 3035 semida

115 3072 298 3140 centuriata
319 3073 431 3159 populi
446 3074 583 3141 Romani
606 3071 646 3139 of.
662 3074 699 3138 L.
715 3072 752 3136 L.
769 3071 809 3138 H.
824 3073 850 3156 I,
872 3074 1054 3138 306-310.
1091 3070 1250 3138 Adscribe

113 3177 206 3242 locos
227 3174 349 3259 aliquot
371 3176 485 3260 quibus
508 3175 570 3242 hoe
591 3181 800 3260 praeceptum
821 3174 899 3241 iuris
916 3175 1083 3261 auguralis
1097 3174 1251 3241 illustrari

112 3278 236 3366 possit:
265 3278 334 3345 Liv.
357 3277 509 3362 XXXIV,
533 3278 582 3344 55.
628 3277 720 3345 Cass.
742 3276 805 3343 Dio
828 3276 1015 3355 XXXVIII,
1039 3279 1068 3343 6.
1113 3277 1179 3342 Cic.
1207 3275 1250 3341 ad

115 3381 179 3460 Qu.
206 3379 243 3445 fr.
272 3380 319 3464 II,
350 3382 379 3446 6.
410 3383 440 3446 4.
476 3382 537 3467 (ΙΙ,
567 3383 598 3444 4.
627 3383 658 3446 4.
688 3379 788 3462 Bait.)
826 3378 868 3445 ad
905 3379 980 3444 iam.
1010 3380 1103 3464 VIII,
1139 3380 1189 3443 11.
1220 3380 1248 3443 1.

115 3468 284 3549 Exuemis‘
307 3489 414 3549 autem
443 3483 565 3550 liberae
595 3482 792 3568 reipublicae
819 3481 1017 3566 temporibus
1044 3501 1117 3547 oum
1153 3480 1250 3547 totius

116 3584 283 3670 religionis
305 3590 373 3652 tum
395 3585 587 3672 disciplinae
610 3585 775 3672 auguralis
794 3583 979 3661 auotoritas
1008 3583 1139 3668 prorsus
1166 3582 1252 3649 labe·

114 3689 239 3756 laetata
261 3694 319 3754 est.
358 3687 511 3755 Videmus
534 3689 620 3755 enim
642 3688 677 3753 (l.
700 3686 868 3753 Manilium
882 3688 1043 3753 tribunum
1058 3686 1162 3771 plebis
1179 3705 1249 3752 eum

115 3812 204 3859 anno
228 3791 347 3872 taulus
370 3790 676 3876 perniciosissimam
706 3791 813 3875 Iegem
842 3789 954 3855 ferret
969 3795 1003 3854 ut
1029 3788 1188 3855 libertinis
1217 3787 1251 3851 in

115 3893 265 3963 omnibus
296 3893 442 3960 tribubus
478 3893 667 3980 suffragium
704 3898 790 3959 esset
798 3894 826 3975 ¹)
863 3890 963 3958 nihilo
998 3890 1103 3958 secius
1139 3889 1251 3955 tulisse

183 4118 211 4183 1)
231 4114 305 4170 (lass.
324 4115 357 4170 D.
376 4114 508 4182 XXXVI,
525 4117 566 4172 25.
603 4116 636 4172 cf.
654 4117 684 4172 L.
703 4115 733 4171 1..
752 4114 786 4171 H.
804 4112 936 4179 111‚a14.
