<?xml version="1.0" encoding="UTF-8"?>
<!DOCTYPE html PUBLIC "-//W3C//DTD XHTML 1.0 Transitional//EN"
    "http://www.w3.org/TR/xhtml1/DTD/xhtml1-transitional.dtd">
<html xmlns="http://www.w3.org/1999/xhtml" xml:lang="en" lang="en">
 <head>
  <title>
</title>
<meta http-equiv="Content-Type" content="text/html;charset=utf-8" />
  <meta name='ocr-system' content='tesseract 3.04.00' />
  <meta name='ocr-capabilities' content='ocr_page ocr_carea ocr_par ocr_line ocrx_word'/>
</head>
<body>
  <div class='ocr_page' id='page_1' title='image "./librorumdedisci00braugoog_0019.png"; bbox 0 0 2928 4874; ppageno 0'>
   <div class='ocr_carea' id='block_1_1' title="bbox 702 295 862 394">
    <p class='ocr_par' dir='ltr' id='par_1_1' title="bbox 702 295 862 394">
     <span class='ocr_line' id='line_1_1' title="bbox 702 295 862 394; baseline -0.006 -37"><span class='ocrx_word' id='word_1_1' title='bbox 702 295 862 394; x_wconf 40' lang='lat' dir='ltr'>*ffi-</span> 
     </span>
    </p>
   </div>
   <div class='ocr_carea' id='block_1_2' title="bbox 186 480 1357 3048">
    <p class='ocr_par' dir='ltr' id='par_1_2' title="bbox 222 480 1357 1707">
     <span class='ocr_line' id='line_1_2' title="bbox 222 480 1352 556; baseline -0.004 -5"><span class='ocrx_word' id='word_1_2' title='bbox 222 484 396 552; x_wconf 88' lang='lat' dir='ltr'>mentarios</span> <span class='ocrx_word' id='word_1_3' title='bbox 418 503 489 550; x_wconf 89' lang='lat' dir='ltr'>eam</span> <span class='ocrx_word' id='word_1_4' title='bbox 513 482 702 556; x_wconf 74' lang='lat' dir='ltr'>sententiam</span> <span class='ocrx_word' id='word_1_5' title='bbox 725 485 826 550; x_wconf 89' lang='lat' dir='ltr'>secuti</span> <span class='ocrx_word' id='word_1_6' title='bbox 848 502 958 550; x_wconf 90' lang='lat' dir='ltr'>sumus</span> <span class='ocrx_word' id='word_1_7' title='bbox 980 487 1015 546; x_wconf 89' lang='lat' dir='ltr'>ut</span> <span class='ocrx_word' id='word_1_8' title='bbox 1036 482 1084 549; x_wconf 92' lang='lat' dir='ltr'>eis</span> <span class='ocrx_word' id='word_1_9' title='bbox 1106 480 1260 547; x_wconf 89' lang='lat' dir='ltr'>mandata</span> <span class='ocrx_word' id='word_1_10' title='bbox 1276 499 1352 547; x_wconf 89' lang='lat' dir='ltr'>esse</span> 
     </span>
     <span class='ocr_line' id='line_1_3' title="bbox 222 586 1353 673; baseline -0.008 -17"><span class='ocrx_word' id='word_1_11' title='bbox 222 591 310 656; x_wconf 88' lang='lat' dir='ltr'>facta</span> <span class='ocrx_word' id='word_1_12' title='bbox 331 586 490 673; x_wconf 83' lang='lat' dir='ltr'>quaedam</span> <span class='ocrx_word' id='word_1_13' title='bbox 511 586 771 653; x_wconf 90' lang='lat' dir='ltr'>memorabiliora</span> <span class='ocrx_word' id='word_1_14' title='bbox 792 607 875 671; x_wconf 89' lang='lat' dir='ltr'>qnae</span> <span class='ocrx_word' id='word_1_15' title='bbox 896 587 929 651; x_wconf 91' lang='lat' dir='ltr'>in</span> <span class='ocrx_word' id='word_1_16' title='bbox 952 591 1115 670; x_wconf 93' lang='lat' dir='ltr'>posterum</span> <span class='ocrx_word' id='word_1_17' title='bbox 1146 604 1204 669; x_wconf 92' lang='lat' dir='ltr'>pro</span> <span class='ocrx_word' id='word_1_18' title='bbox 1235 603 1353 648; x_wconf 89' lang='lat' dir='ltr'>norma</span> 
     </span>
     <span class='ocr_line' id='line_1_4' title="bbox 222 685 1355 777; baseline -0.007 -18"><span class='ocrx_word' id='word_1_19' title='bbox 222 700 320 777; x_wconf 87' lang='lat' dir='ltr'>atque</span> <span class='ocrx_word' id='word_1_20' title='bbox 341 692 455 777; x_wconf 84' lang='lat' dir='ltr'>regula</span> <span class='ocrx_word' id='word_1_21' title='bbox 476 695 600 774; x_wconf 80' lang='lat' dir='ltr'>essent,</span> <span class='ocrx_word' id='word_1_22' title='bbox 625 691 886 757; x_wconf 77' lang='lat' dir='ltr'>consentiremus.</span> <span class='ocrx_word' id='word_1_23' title='bbox 929 689 1034 772; x_wconf 82' lang='lat' dir='ltr'>Atque</span> <span class='ocrx_word' id='word_1_24' title='bbox 1056 688 1154 755; x_wconf 89' lang='lat' dir='ltr'>etiam</span> <span class='ocrx_word' id='word_1_25' title='bbox 1176 685 1255 752; x_wconf 92' lang='lat' dir='ltr'>illud</span> <span class='ocrx_word' id='word_1_26' title='bbox 1279 707 1355 752; x_wconf 90' lang='lat' dir='ltr'>eon-</span> 
     </span>
     <span class='ocr_line' id='line_1_5' title="bbox 223 791 1354 879; baseline -0.007 -17"><span class='ocrx_word' id='word_1_27' title='bbox 223 797 378 863; x_wconf 88' lang='lat' dir='ltr'>cessimus</span> <span class='ocrx_word' id='word_1_28' title='bbox 400 794 434 859; x_wconf 94' lang='lat' dir='ltr'>in</span> <span class='ocrx_word' id='word_1_29' title='bbox 457 793 692 861; x_wconf 88' lang='lat' dir='ltr'>commentariis</span> <span class='ocrx_word' id='word_1_30' title='bbox 715 793 952 878; x_wconf 88' lang='lat' dir='ltr'>quodammodo</span> <span class='ocrx_word' id='word_1_31' title='bbox 975 791 1222 879; x_wconf 79' lang='lat' dir='ltr'>explicationem</span> <span class='ocrx_word' id='word_1_32' title='bbox 1255 795 1354 871; x_wconf 89' lang='lat' dir='ltr'>atque</span> 
     </span>
     <span class='ocr_line' id='line_1_6' title="bbox 222 893 1355 986; baseline -0.006 -22"><span class='ocrx_word' id='word_1_33' title='bbox 222 898 516 986; x_wconf 85' lang='lat' dir='ltr'>interpretationem</span> <span class='ocrx_word' id='word_1_34' title='bbox 537 897 690 964; x_wconf 91' lang='lat' dir='ltr'>librorum</span> <span class='ocrx_word' id='word_1_35' title='bbox 710 898 913 984; x_wconf 89' lang='lat' dir='ltr'>auguralium</span> <span class='ocrx_word' id='word_1_36' title='bbox 933 897 1092 982; x_wconf 82' lang='lat' dir='ltr'>prolatam</span> <span class='ocrx_word' id='word_1_37' title='bbox 1106 894 1217 961; x_wconf 86' lang='lat' dir='ltr'>fuisse.</span> <span class='ocrx_word' id='word_1_38' title='bbox 1255 893 1355 976; x_wconf 88' lang='lat' dir='ltr'>Atqui</span> 
     </span>
     <span class='ocr_line' id='line_1_7' title="bbox 224 997 1357 1097; baseline -0.007 -28"><span class='ocrx_word' id='word_1_39' title='bbox 224 1024 296 1070; x_wconf 89' lang='lat' dir='ltr'>cum</span> <span class='ocrx_word' id='word_1_40' title='bbox 322 1021 453 1088; x_wconf 90' lang='lat' dir='ltr'>prorsus</span> <span class='ocrx_word' id='word_1_41' title='bbox 483 1000 567 1097; x_wconf 83' lang='lat' dir='ltr'>idem</span> <span class='ocrx_word' id='word_1_42' title='bbox 599 999 736 1067; x_wconf 82' lang='lat' dir='ltr'>decretis</span> <span class='ocrx_word' id='word_1_43' title='bbox 765 1020 923 1086; x_wconf 90' lang='lat' dir='ltr'>augurum</span> <span class='ocrx_word' id='word_1_44' title='bbox 951 997 1181 1065; x_wconf 88' lang='lat' dir='ltr'>vindicaverim</span> <span class='ocrx_word' id='word_1_45' title='bbox 1210 998 1357 1080; x_wconf 89' lang='lat' dir='ltr'>sequitur</span> 
     </span>
     <span class='ocr_line' id='line_1_8' title="bbox 223 1100 1355 1191; baseline -0.008 -18"><span class='ocrx_word' id='word_1_46' title='bbox 223 1113 258 1173; x_wconf 90' lang='lat' dir='ltr'>ut</span> <span class='ocrx_word' id='word_1_47' title='bbox 279 1126 401 1191; x_wconf 89' lang='lat' dir='ltr'>magna</span> <span class='ocrx_word' id='word_1_48' title='bbox 422 1124 494 1171; x_wconf 93' lang='lat' dir='ltr'>cum</span> <span class='ocrx_word' id='word_1_49' title='bbox 522 1104 748 1189; x_wconf 88' lang='lat' dir='ltr'>probabilitate</span> <span class='ocrx_word' id='word_1_50' title='bbox 776 1104 1004 1172; x_wconf 87' lang='lat' dir='ltr'>concludamus</span> <span class='ocrx_word' id='word_1_51' title='bbox 1033 1100 1281 1168; x_wconf 90' lang='lat' dir='ltr'>commentarios</span> <span class='ocrx_word' id='word_1_52' title='bbox 1311 1119 1355 1165; x_wconf 83' lang='lat' dir='ltr'>ex</span> 
     </span>
     <span class='ocr_line' id='line_1_9' title="bbox 224 1204 1355 1289; baseline -0.007 -13"><span class='ocrx_word' id='word_1_53' title='bbox 224 1209 362 1278; x_wconf 91' lang='lat' dir='ltr'>decretis</span> <span class='ocrx_word' id='word_1_54' title='bbox 385 1208 413 1275; x_wconf 90' lang='lat' dir='ltr'>si</span> <span class='ocrx_word' id='word_1_55' title='bbox 432 1229 497 1275; x_wconf 92' lang='lat' dir='ltr'>non</span> <span class='ocrx_word' id='word_1_56' title='bbox 513 1206 661 1274; x_wconf 91' lang='lat' dir='ltr'>omnibus</span> <span class='ocrx_word' id='word_1_57' title='bbox 676 1214 816 1274; x_wconf 91' lang='lat' dir='ltr'>attamen</span> <span class='ocrx_word' id='word_1_58' title='bbox 832 1205 1142 1275; x_wconf 88' lang='lat' dir='ltr'>memorabilioribus</span> <span class='ocrx_word' id='word_1_59' title='bbox 1158 1204 1355 1289; x_wconf 86' lang='lat' dir='ltr'>compositos</span> 
     </span>
     <span class='ocr_line' id='line_1_10' title="bbox 223 1309 1357 1399; baseline -0.011 -17"><span class='ocrx_word' id='word_1_60' title='bbox 223 1332 412 1399; x_wconf 89' lang='lat' dir='ltr'>semperque</span> <span class='ocrx_word' id='word_1_61' title='bbox 435 1311 540 1378; x_wconf 92' lang='lat' dir='ltr'>denuo</span> <span class='ocrx_word' id='word_1_62' title='bbox 564 1317 675 1377; x_wconf 90' lang='lat' dir='ltr'>auctos</span> <span class='ocrx_word' id='word_1_63' title='bbox 698 1310 973 1395; x_wconf 90' lang='lat' dir='ltr'>amplificatosque</span> <span class='ocrx_word' id='word_1_64' title='bbox 995 1330 1077 1396; x_wconf 84' lang='lat' dir='ltr'>esse,</span> <span class='ocrx_word' id='word_1_65' title='bbox 1099 1309 1133 1374; x_wconf 90' lang='lat' dir='ltr'>in</span> <span class='ocrx_word' id='word_1_66' title='bbox 1148 1328 1213 1392; x_wconf 90' lang='lat' dir='ltr'>qua</span> <span class='ocrx_word' id='word_1_67' title='bbox 1228 1313 1357 1374; x_wconf 83' lang='lat' dir='ltr'>senten-</span> 
     </span>
     <span class='ocr_line' id='line_1_11' title="bbox 224 1409 1355 1499; baseline -0.008 -16"><span class='ocrx_word' id='word_1_68' title='bbox 224 1418 270 1483; x_wconf 91' lang='lat' dir='ltr'>tia</span> <span class='ocrx_word' id='word_1_69' title='bbox 291 1416 369 1482; x_wconf 90' lang='lat' dir='ltr'>mihi</span> <span class='ocrx_word' id='word_1_70' title='bbox 390 1415 516 1482; x_wconf 89' lang='lat' dir='ltr'>videtur</span> <span class='ocrx_word' id='word_1_71' title='bbox 538 1432 610 1480; x_wconf 86' lang='lat' dir='ltr'>esse</span> <span class='ocrx_word' id='word_1_72' title='bbox 633 1414 729 1480; x_wconf 91' lang='lat' dir='ltr'>etiam</span> <span class='ocrx_word' id='word_1_73' title='bbox 751 1414 896 1499; x_wconf 89' lang='lat' dir='ltr'>Langius</span> <span class='ocrx_word' id='word_1_74' title='bbox 918 1435 949 1480; x_wconf 92' lang='lat' dir='ltr'>v.</span> <span class='ocrx_word' id='word_1_75' title='bbox 973 1414 1003 1480; x_wconf 92' lang='lat' dir='ltr'>d.</span> <span class='ocrx_word' id='word_1_76' title='bbox 1028 1411 1272 1480; x_wconf 89' lang='lat' dir='ltr'>commentarios</span> <span class='ocrx_word' id='word_1_77' title='bbox 1302 1409 1355 1475; x_wconf 88' lang='lat' dir='ltr'>his</span> 
     </span>
     <span class='ocr_line' id='line_1_12' title="bbox 223 1513 1355 1604; baseline -0.011 -16"><span class='ocrx_word' id='word_1_78' title='bbox 223 1520 332 1588; x_wconf 87' lang='lat' dir='ltr'>verbis</span> <span class='ocrx_word' id='word_1_79' title='bbox 353 1520 465 1604; x_wconf 88' lang='lat' dir='ltr'>lingua</span> <span class='ocrx_word' id='word_1_80' title='bbox 487 1517 661 1585; x_wconf 90' lang='lat' dir='ltr'>vernacula</span> <span class='ocrx_word' id='word_1_81' title='bbox 683 1515 839 1583; x_wconf 89' lang='lat' dir='ltr'>definiens</span> <span class='ocrx_word' id='word_1_82' title='bbox 848 1519 876 1604; x_wconf 85' lang='lat'>1)</span> <span class='ocrx_word' id='word_1_83' title='bbox 899 1518 980 1603; x_wconf 86' lang='lat' dir='ltr'>‚eine</span> <span class='ocrx_word' id='word_1_84' title='bbox 996 1517 1185 1601; x_wconf 83' lang='lat' dir='ltr'>Sammlung</span> <span class='ocrx_word' id='word_1_85' title='bbox 1198 1535 1262 1580; x_wconf 89' lang='lat' dir='ltr'>von</span> <span class='ocrx_word' id='word_1_86' title='bbox 1277 1513 1355 1578; x_wconf 82' lang='lat' dir='ltr'>Pr&#39;a-</span> 
     </span>
     <span class='ocr_line' id='line_1_13' title="bbox 227 1616 1288 1707; baseline -0.009 -15"><span class='ocrx_word' id='word_1_87' title='bbox 227 1623 462 1707; x_wconf 82' lang='lat' dir='ltr'>cedenzfallen‚</span> <span class='ocrx_word' id='word_1_88' title='bbox 485 1620 538 1687; x_wconf 91' lang='lat' dir='ltr'>die</span> <span class='ocrx_word' id='word_1_89' title='bbox 560 1620 718 1687; x_wconf 79' lang='lat' dir='ltr'>natdrlich</span> <span class='ocrx_word' id='word_1_90' title='bbox 740 1621 852 1687; x_wconf 92' lang='lat' dir='ltr'>immer</span> <span class='ocrx_word' id='word_1_91' title='bbox 874 1621 984 1687; x_wconf 86' lang='lat' dir='ltr'>weiter</span> <span class='ocrx_word' id='word_1_92' title='bbox 1005 1618 1134 1705; x_wconf 84' lang='lat' dir='ltr'>gefflhrt</span> <span class='ocrx_word' id='word_1_93' title='bbox 1155 1616 1288 1685; x_wconf 81' lang='lat' dir='ltr'>wurde‘</span> 
     </span>
    </p>

    <p class='ocr_par' dir='ltr' id='par_1_3' title="bbox 186 1719 1356 3048">
     <span class='ocr_line' id='line_1_14' title="bbox 238 1719 1354 1807; baseline -0.008 -14"><span class='ocrx_word' id='word_1_94' title='bbox 238 1719 1354 1807; x_wconf 49' lang='lat' dir='ltr'>=mwmmmmmmm</span> 
     </span>
     <span class='ocr_line' id='line_1_15' title="bbox 225 1821 1355 1913; baseline -0.01 -16"><span class='ocrx_word' id='word_1_95' title='bbox 225 1831 325 1897; x_wconf 89' lang='lat' dir='ltr'>fuisse</span> <span class='ocrx_word' id='word_1_96' title='bbox 347 1831 379 1896; x_wconf 91' lang='lat' dir='ltr'>in</span> <span class='ocrx_word' id='word_1_97' title='bbox 403 1828 540 1912; x_wconf 88' lang='lat' dir='ltr'>collegio</span> <span class='ocrx_word' id='word_1_98' title='bbox 563 1847 718 1913; x_wconf 89' lang='lat' dir='ltr'>augurum</span> <span class='ocrx_word' id='word_1_99' title='bbox 740 1827 837 1893; x_wconf 86' lang='lat' dir='ltr'>facile</span> <span class='ocrx_word' id='word_1_100' title='bbox 860 1848 899 1893; x_wconf 85' lang='lat' dir='ltr'>ex</span> <span class='ocrx_word' id='word_1_101' title='bbox 922 1825 1137 1912; x_wconf 88' lang='lat' dir='ltr'>disputatione</span> <span class='ocrx_word' id='word_1_102' title='bbox 1152 1821 1355 1890; x_wconf 87' lang='lat' dir='ltr'>Ambroschii</span> 
     </span>
     <span class='ocr_line' id='line_1_16' title="bbox 225 1926 1356 2020; baseline -0.009 -20"><span class='ocrx_word' id='word_1_103' title='bbox 225 1933 418 2020; x_wconf 87' lang='lat' dir='ltr'>perspicitur</span> <span class='ocrx_word' id='word_1_104' title='bbox 425 1934 461 2016; x_wconf 78' lang='grc'>2).</span> <span class='ocrx_word' id='word_1_105' title='bbox 492 1932 639 2016; x_wconf 89' lang='lat' dir='ltr'>Namque</span> <span class='ocrx_word' id='word_1_106' title='bbox 653 1931 722 1997; x_wconf 92' lang='lat' dir='ltr'>veri</span> <span class='ocrx_word' id='word_1_107' title='bbox 740 1931 843 1997; x_wconf 90' lang='lat' dir='ltr'>simile</span> <span class='ocrx_word' id='word_1_108' title='bbox 861 1936 910 2005; x_wconf 90' lang='lat' dir='ltr'>est</span> <span class='ocrx_word' id='word_1_109' title='bbox 926 1931 1008 1996; x_wconf 90' lang='lat' dir='ltr'>sicut</span> <span class='ocrx_word' id='word_1_110' title='bbox 1020 1936 1194 1996; x_wconf 86' lang='lat' dir='ltr'>ceterorum</span> <span class='ocrx_word' id='word_1_111' title='bbox 1206 1926 1356 2012; x_wconf 86' lang='lat' dir='ltr'>collegio-</span> 
     </span>
     <span class='ocr_line' id='line_1_17' title="bbox 224 2024 1352 2123; baseline -0.006 -20"><span class='ocrx_word' id='word_1_112' title='bbox 224 2057 294 2103; x_wconf 91' lang='lat' dir='ltr'>rum</span> <span class='ocrx_word' id='word_1_113' title='bbox 316 2035 471 2123; x_wconf 86' lang='lat' dir='ltr'>imprimis</span> <span class='ocrx_word' id='word_1_114' title='bbox 494 2024 626 2100; x_wconf 83' lang='lat' dir='ltr'>fratrum</span> <span class='ocrx_word' id='word_1_115' title='bbox 649 2030 813 2104; x_wconf 85' lang='lat' dir='ltr'>Arvalium</span> <span class='ocrx_word' id='word_1_116' title='bbox 844 2033 939 2100; x_wconf 90' lang='lat' dir='ltr'>etiam</span> <span class='ocrx_word' id='word_1_117' title='bbox 969 2053 1125 2119; x_wconf 88' lang='lat' dir='ltr'>augurum</span> <span class='ocrx_word' id='word_1_118' title='bbox 1152 2032 1252 2098; x_wconf 89' lang='lat' dir='ltr'>fuisse</span> <span class='ocrx_word' id='word_1_119' title='bbox 1278 2036 1352 2097; x_wconf 88' lang='lat' dir='ltr'>actu</span> 
     </span>
     <span class='ocr_line' id='line_1_18' title="bbox 226 2125 1354 2224; baseline -0.005 -18"><span class='ocrx_word' id='word_1_120' title='bbox 226 2139 386 2224; x_wconf 89' lang='lat' dir='ltr'>quaedam</span> <span class='ocrx_word' id='word_1_121' title='bbox 408 2145 440 2205; x_wconf 91' lang='lat' dir='ltr'>et</span> <span class='ocrx_word' id='word_1_122' title='bbox 461 2141 565 2206; x_wconf 86' lang='lat' dir='ltr'>fastos</span> <span class='ocrx_word' id='word_1_123' title='bbox 588 2125 796 2222; x_wconf 66' lang='lat' dir='ltr'>augurales&#39;ss)</span> <span class='ocrx_word' id='word_1_124' title='bbox 819 2142 851 2202; x_wconf 92' lang='lat' dir='ltr'>et</span> <span class='ocrx_word' id='word_1_125' title='bbox 873 2136 1029 2218; x_wconf 91' lang='lat' dir='ltr'>quasdam</span> <span class='ocrx_word' id='word_1_126' title='bbox 1051 2139 1179 2204; x_wconf 87' lang='lat' dir='ltr'>tubulas</span> <span class='ocrx_word' id='word_1_127' title='bbox 1202 2134 1245 2201; x_wconf 88' lang='lat' dir='ltr'>ad</span> <span class='ocrx_word' id='word_1_128' title='bbox 1268 2138 1354 2201; x_wconf 86' lang='lat' dir='ltr'>bonu</span> 
     </span>
     <span class='ocr_line' id='line_1_19' title="bbox 226 2237 1356 2327; baseline -0.009 -17"><span class='ocrx_word' id='word_1_129' title='bbox 226 2250 258 2310; x_wconf 91' lang='lat' dir='ltr'>et</span> <span class='ocrx_word' id='word_1_130' title='bbox 286 2244 412 2310; x_wconf 82' lang='lat' dir='ltr'>reditus</span> <span class='ocrx_word' id='word_1_131' title='bbox 441 2240 571 2327; x_wconf 86' lang='lat' dir='ltr'>collegii</span> <span class='ocrx_word' id='word_1_132' title='bbox 599 2247 782 2327; x_wconf 85' lang='lat' dir='ltr'>spectantes</span> <span class='ocrx_word' id='word_1_133' title='bbox 790 2241 827 2321; x_wconf 78' lang='grc'>4).</span> <span class='ocrx_word' id='word_1_134' title='bbox 880 2239 946 2306; x_wconf 83' lang='lat' dir='ltr'>Sed</span> <span class='ocrx_word' id='word_1_135' title='bbox 975 2241 1121 2323; x_wconf 88' lang='lat' dir='ltr'>quamvis</span> <span class='ocrx_word' id='word_1_136' title='bbox 1150 2238 1250 2305; x_wconf 92' lang='lat' dir='ltr'>multa</span> <span class='ocrx_word' id='word_1_137' title='bbox 1286 2237 1356 2302; x_wconf 90' lang='lat' dir='ltr'>sine</span> 
     </span>
     <span class='ocr_line' id='line_1_20' title="bbox 225 2339 1354 2431; baseline -0.008 -18"><span class='ocrx_word' id='word_1_138' title='bbox 225 2347 323 2414; x_wconf 94' lang='lat' dir='ltr'>dubio</span> <span class='ocrx_word' id='word_1_139' title='bbox 349 2345 417 2412; x_wconf 92' lang='lat' dir='ltr'>erui</span> <span class='ocrx_word' id='word_1_140' title='bbox 431 2346 557 2431; x_wconf 89' lang='lat' dir='ltr'>possint</span> <span class='ocrx_word' id='word_1_141' title='bbox 571 2364 654 2428; x_wconf 91' lang='lat' dir='ltr'>quae</span> <span class='ocrx_word' id='word_1_142' title='bbox 668 2343 701 2409; x_wconf 92' lang='lat' dir='ltr'>in</span> <span class='ocrx_word' id='word_1_143' title='bbox 716 2343 767 2409; x_wconf 91' lang='lat' dir='ltr'>his</span> <span class='ocrx_word' id='word_1_144' title='bbox 781 2339 872 2408; x_wconf 90' lang='lat' dir='ltr'>libris</span> <span class='ocrx_word' id='word_1_145' title='bbox 887 2341 987 2409; x_wconf 88' lang='lat' dir='ltr'>fuisse</span> <span class='ocrx_word' id='word_1_146' title='bbox 1002 2362 1134 2409; x_wconf 91' lang='lat' dir='ltr'>necesse</span> <span class='ocrx_word' id='word_1_147' title='bbox 1149 2348 1198 2409; x_wconf 90' lang='lat' dir='ltr'>est</span> <span class='ocrx_word' id='word_1_148' title='bbox 1212 2347 1354 2406; x_wconf 87' lang='lat' dir='ltr'>attamen</span> 
     </span>
     <span class='ocr_line' id='line_1_21' title="bbox 224 2445 1354 2534; baseline -0.006 -20"><span class='ocrx_word' id='word_1_149' title='bbox 224 2469 266 2516; x_wconf 91' lang='lat' dir='ltr'>ne</span> <span class='ocrx_word' id='word_1_150' title='bbox 294 2450 508 2534; x_wconf 84' lang='lat' dir='ltr'>fragmentum</span> <span class='ocrx_word' id='word_1_151' title='bbox 534 2468 633 2514; x_wconf 92' lang='lat' dir='ltr'>unum</span> <span class='ocrx_word' id='word_1_152' title='bbox 656 2445 784 2531; x_wconf 91' lang='lat' dir='ltr'>quidem</span> <span class='ocrx_word' id='word_1_153' title='bbox 812 2452 952 2513; x_wconf 89' lang='lat' dir='ltr'>aetatem</span> <span class='ocrx_word' id='word_1_154' title='bbox 979 2447 1050 2512; x_wconf 92' lang='lat' dir='ltr'>tulit</span> <span class='ocrx_word' id='word_1_155' title='bbox 1078 2446 1141 2512; x_wconf 88' lang='lat' dir='ltr'>nisi</span> <span class='ocrx_word' id='word_1_156' title='bbox 1170 2445 1251 2511; x_wconf 86' lang='lat' dir='ltr'>forte</span> <span class='ocrx_word' id='word_1_157' title='bbox 1282 2462 1354 2508; x_wconf 90' lang='lat' dir='ltr'>cum</span> 
     </span>
     <span class='ocr_line' id='line_1_22' title="bbox 228 2545 1354 2639; baseline -0.006 -22"><span class='ocrx_word' id='word_1_158' title='bbox 228 2552 401 2638; x_wconf 86' lang='lat' dir='ltr'>Borghesio</span> <span class='ocrx_word' id='word_1_159' title='bbox 429 2550 516 2639; x_wconf 87' lang='lat' dir='ltr'>(Oss.</span> <span class='ocrx_word' id='word_1_160' title='bbox 540 2571 625 2616; x_wconf 91' lang='lat' dir='ltr'>num.</span> <span class='ocrx_word' id='word_1_161' title='bbox 648 2551 718 2619; x_wconf 90' lang='lat' dir='ltr'>dec.</span> <span class='ocrx_word' id='word_1_162' title='bbox 741 2550 810 2616; x_wconf 90' lang='lat' dir='ltr'>VII.</span> <span class='ocrx_word' id='word_1_163' title='bbox 834 2568 896 2617; x_wconf 89' lang='lat' dir='ltr'>oss.</span> <span class='ocrx_word' id='word_1_164' title='bbox 922 2551 956 2635; x_wconf 78' lang='lat' dir='ltr'>l)</span> <span class='ocrx_word' id='word_1_165' title='bbox 985 2549 1196 2636; x_wconf 83' lang='lat' dir='ltr'>fragmentum</span> <span class='ocrx_word' id='word_1_166' title='bbox 1224 2545 1354 2630; x_wconf 88' lang='lat' dir='ltr'>aliquod</span> 
     </span>
     <span class='ocr_line' id='line_1_23' title="bbox 186 2645 1356 2735; baseline -0.007 -14"><span class='ocrx_word' id='word_1_167' title='bbox 186 2645 187 2649; x_wconf 55' lang='grc'>’</span> <span class='ocrx_word' id='word_1_168' title='bbox 224 2655 379 2723; x_wconf 86' lang='lat' dir='ltr'>fastorum</span> <span class='ocrx_word' id='word_1_169' title='bbox 402 2654 464 2722; x_wconf 89' lang='lat' dir='ltr'>huc</span> <span class='ocrx_word' id='word_1_170' title='bbox 486 2652 614 2721; x_wconf 90' lang='lat' dir='ltr'>trahere</span> <span class='ocrx_word' id='word_1_171' title='bbox 636 2655 781 2720; x_wconf 89' lang='lat' dir='ltr'>volumus</span> <span class='ocrx_word' id='word_1_172' title='bbox 805 2652 890 2735; x_wconf 92' lang='lat' dir='ltr'>quod</span> <span class='ocrx_word' id='word_1_173' title='bbox 912 2652 961 2718; x_wconf 93' lang='lat' dir='ltr'>vir</span> <span class='ocrx_word' id='word_1_174' title='bbox 982 2651 1095 2719; x_wconf 89' lang='lat' dir='ltr'>doctus</span> <span class='ocrx_word' id='word_1_175' title='bbox 1115 2673 1154 2719; x_wconf 82' lang='lat' dir='ltr'>ex</span> <span class='ocrx_word' id='word_1_176' title='bbox 1169 2651 1356 2718; x_wconf 88' lang='lat' dir='ltr'>coniectura</span> 
     </span>
     <span class='ocr_line' id='line_1_24' title="bbox 224 2753 1354 2844; baseline -0.007 -20"><span class='ocrx_word' id='word_1_177' title='bbox 224 2759 400 2844; x_wconf 86' lang='lat' dir='ltr'>auguribus</span> <span class='ocrx_word' id='word_1_178' title='bbox 423 2754 652 2824; x_wconf 90' lang='lat' dir='ltr'>vindicandum</span> <span class='ocrx_word' id='word_1_179' title='bbox 676 2775 748 2823; x_wconf 87' lang='lat' dir='ltr'>esse</span> <span class='ocrx_word' id='word_1_180' title='bbox 770 2754 893 2821; x_wconf 89' lang='lat' dir='ltr'>censuit</span> <span class='ocrx_word' id='word_1_181' title='bbox 916 2755 939 2840; x_wconf 89' lang='lat'>).</span> <span class='ocrx_word' id='word_1_182' title='bbox 977 2755 1026 2821; x_wconf 85' lang='lat' dir='ltr'>Cf.</span> <span class='ocrx_word' id='word_1_183' title='bbox 1048 2755 1192 2823; x_wconf 90' lang='lat' dir='ltr'>Momms.</span> <span class='ocrx_word' id='word_1_184' title='bbox 1213 2756 1238 2819; x_wconf 93' lang='lat' dir='ltr'>I.</span> <span class='ocrx_word' id='word_1_185' title='bbox 1263 2754 1298 2817; x_wconf 87' lang='lat' dir='ltr'>L.</span> <span class='ocrx_word' id='word_1_186' title='bbox 1314 2753 1354 2817; x_wconf 86' lang='grc' dir='ltr'>Α.</span> 
     </span>
     <span class='ocr_line' id='line_1_25' title="bbox 224 2856 1355 2946; baseline -0.004 -21"><span class='ocrx_word' id='word_1_187' title='bbox 224 2882 256 2946; x_wconf 91' lang='lat' dir='ltr'>p.</span> <span class='ocrx_word' id='word_1_188' title='bbox 278 2860 341 2925; x_wconf 80' lang='lat'>465</span> <span class='ocrx_word' id='word_1_189' title='bbox 365 2868 397 2926; x_wconf 91' lang='lat' dir='ltr'>et</span> <span class='ocrx_word' id='word_1_190' title='bbox 419 2858 631 2926; x_wconf 87' lang='lat' dir='ltr'>Mercklinum</span> <span class='ocrx_word' id='word_1_191' title='bbox 658 2857 723 2944; x_wconf 86' lang='lat' dir='ltr'>,die</span> <span class='ocrx_word' id='word_1_192' title='bbox 753 2858 956 2944; x_wconf 83' lang='lat' dir='ltr'>(lcoptaticn‘</span> <span class='ocrx_word' id='word_1_193' title='bbox 985 2879 1017 2943; x_wconf 91' lang='lat' dir='ltr'>p.</span> <span class='ocrx_word' id='word_1_194' title='bbox 1046 2860 1119 2923; x_wconf 78' lang='lat'>217.</span> <span class='ocrx_word' id='word_1_195' title='bbox 1142 2897 1184 2906; x_wconf 96' lang='lat'>—</span> <span class='ocrx_word' id='word_1_196' title='bbox 1205 2856 1355 2938; x_wconf 87' lang='lat' dir='ltr'>Denique</span> 
     </span>
     <span class='ocr_line' id='line_1_26' title="bbox 225 2946 1355 3048; baseline -0.004 -19"><span class='ocrx_word' id='word_1_197' title='bbox 225 2962 310 3047; x_wconf 89' lang='lat' dir='ltr'>quod</span> <span class='ocrx_word' id='word_1_198' title='bbox 332 2962 446 3029; x_wconf 89' lang='lat' dir='ltr'>attinet</span> <span class='ocrx_word' id='word_1_199' title='bbox 469 2961 512 3029; x_wconf 88' lang='lat' dir='ltr'>ad</span> <span class='ocrx_word' id='word_1_200' title='bbox 534 2962 633 3028; x_wconf 90' lang='lat' dir='ltr'>libros</span> <span class='ocrx_word' id='word_1_201' title='bbox 656 2961 840 3048; x_wconf 85' lang='lat' dir='ltr'>isagogiccs</span> <span class='ocrx_word' id='word_1_202' title='bbox 864 2982 944 3045; x_wconf 91' lang='lat' dir='ltr'>quos</span> <span class='ocrx_word' id='word_1_203' title='bbox 967 2961 1134 3048; x_wconf 89' lang='lat' dir='ltr'>appellant</span> <span class='ocrx_word' id='word_1_204' title='bbox 1148 2946 1252 3026; x_wconf 91' lang='lat' dir='ltr'>minus</span> <span class='ocrx_word' id='word_1_205' title='bbox 1267 2964 1355 3024; x_wconf 89' lang='lat' dir='ltr'>recte</span> 
     </span>
    </p>
   </div>
   <div class='ocr_carea' id='block_1_3' title="bbox 224 3050 1356 3457">
    <p class='ocr_par' dir='ltr' id='par_1_4' title="bbox 224 3050 1356 3457">
     <span class='ocr_line' id='line_1_27' title="bbox 225 3050 1356 3151; baseline -0.005 -19"><span class='ocrx_word' id='word_1_206' title='bbox 225 3050 422 3133; x_wconf 77' lang='lat' dir='ltr'>Mercirlinus</span> <span class='ocrx_word' id='word_1_207' title='bbox 444 3067 478 3132; x_wconf 90' lang='lat' dir='ltr'>in</span> <span class='ocrx_word' id='word_1_208' title='bbox 492 3065 653 3151; x_wconf 90' lang='lat' dir='ltr'>Philologi</span> <span class='ocrx_word' id='word_1_209' title='bbox 674 3066 735 3132; x_wconf 91' lang='lat' dir='ltr'>vol.</span> <span class='ocrx_word' id='word_1_210' title='bbox 752 3066 806 3132; x_wconf 90' lang='lat' dir='ltr'>IV.</span> <span class='ocrx_word' id='word_1_211' title='bbox 829 3085 902 3132; x_wconf 89' lang='lat' dir='ltr'>eam</span> <span class='ocrx_word' id='word_1_212' title='bbox 924 3064 1116 3132; x_wconf 89' lang='lat' dir='ltr'>sententiam</span> <span class='ocrx_word' id='word_1_213' title='bbox 1134 3062 1214 3129; x_wconf 93' lang='lat' dir='ltr'>mihi</span> <span class='ocrx_word' id='word_1_214' title='bbox 1227 3061 1356 3128; x_wconf 91' lang='lat' dir='ltr'>videtur</span> 
     </span>
     <span class='ocr_line' id='line_1_28' title="bbox 224 3164 1356 3256; baseline -0.004 -23"><span class='ocrx_word' id='word_1_215' title='bbox 224 3169 395 3256; x_wconf 90' lang='lat' dir='ltr'>protulisse</span> <span class='ocrx_word' id='word_1_216' title='bbox 416 3169 515 3236; x_wconf 88' lang='lat' dir='ltr'>libros</span> <span class='ocrx_word' id='word_1_217' title='bbox 537 3168 723 3256; x_wconf 86' lang='lat' dir='ltr'>isagogicos</span> <span class='ocrx_word' id='word_1_218' title='bbox 746 3169 875 3235; x_wconf 90' lang='lat' dir='ltr'>omnino</span> <span class='ocrx_word' id='word_1_219' title='bbox 898 3189 962 3235; x_wconf 89' lang='lat' dir='ltr'>non</span> <span class='ocrx_word' id='word_1_220' title='bbox 986 3174 1112 3235; x_wconf 87' lang='lat' dir='ltr'>exstare</span> <span class='ocrx_word' id='word_1_221' title='bbox 1134 3164 1222 3252; x_wconf 91' lang='lat' dir='ltr'>apud</span> <span class='ocrx_word' id='word_1_222' title='bbox 1249 3183 1356 3230; x_wconf 88' lang='lat' dir='ltr'>saeer-</span> 
     </span>
     <span class='ocr_line' id='line_1_29' title="bbox 225 3269 1354 3356; baseline -0.006 -18"><span class='ocrx_word' id='word_1_223' title='bbox 225 3274 325 3338; x_wconf 92' lang='lat' dir='ltr'>dotes.</span> <span class='ocrx_word' id='word_1_224' title='bbox 377 3273 526 3356; x_wconf 89' lang='lat' dir='ltr'>Namque</span> <span class='ocrx_word' id='word_1_225' title='bbox 558 3273 704 3354; x_wconf 89' lang='lat' dir='ltr'>quamvis</span> <span class='ocrx_word' id='word_1_226' title='bbox 734 3272 795 3339; x_wconf 91' lang='lat' dir='ltr'>hoc</span> <span class='ocrx_word' id='word_1_227' title='bbox 825 3272 865 3337; x_wconf 90' lang='lat' dir='ltr'>de</span> <span class='ocrx_word' id='word_1_228' title='bbox 892 3271 1118 3355; x_wconf 84' lang='lat' dir='ltr'>vetustissimis</span> <span class='ocrx_word' id='word_1_229' title='bbox 1154 3269 1354 3353; x_wconf 86' lang='lat' dir='ltr'>temporibus</span> 
     </span>
     <span class='ocr_line' id='line_1_30' title="bbox 224 3371 1355 3457; baseline -0.004 -18"><span class='ocrx_word' id='word_1_230' title='bbox 224 3380 309 3443; x_wconf 88' lang='lat' dir='ltr'>recte</span> <span class='ocrx_word' id='word_1_231' title='bbox 331 3374 451 3442; x_wconf 88' lang='lat' dir='ltr'>dietum</span> <span class='ocrx_word' id='word_1_232' title='bbox 474 3395 547 3443; x_wconf 90' lang='lat' dir='ltr'>esse</span> <span class='ocrx_word' id='word_1_233' title='bbox 568 3374 744 3442; x_wconf 90' lang='lat' dir='ltr'>concedam</span> <span class='ocrx_word' id='word_1_234' title='bbox 767 3381 908 3442; x_wconf 82' lang='lat' dir='ltr'>attamen</span> <span class='ocrx_word' id='word_1_235' title='bbox 932 3396 997 3443; x_wconf 90' lang='lat' dir='ltr'>ncn</span> <span class='ocrx_word' id='word_1_236' title='bbox 1020 3374 1115 3440; x_wconf 90' lang='lat' dir='ltr'>video</span> <span class='ocrx_word' id='word_1_237' title='bbox 1137 3371 1250 3457; x_wconf 89' lang='lat' dir='ltr'>quidni</span> <span class='ocrx_word' id='word_1_238' title='bbox 1272 3371 1355 3436; x_wconf 88' lang='lat' dir='ltr'>Mar-</span> 
     </span>
    </p>
   </div>
   <div class='ocr_carea' id='block_1_4' title="bbox 223 3592 1356 4173">
    <p class='ocr_par' dir='ltr' id='par_1_5' title="bbox 223 3592 1356 4173">
     <span class='ocr_line' id='line_1_31' title="bbox 292 3592 1356 3669; baseline -0.004 -16"><span class='ocrx_word' id='word_1_239' title='bbox 292 3603 318 3669; x_wconf 87' lang='lat'>1)</span> <span class='ocrx_word' id='word_1_240' title='bbox 340 3600 370 3655; x_wconf 87' lang='lat' dir='ltr'>L.</span> <span class='ocrx_word' id='word_1_241' title='bbox 389 3601 420 3655; x_wconf 75' lang='lat'>1..</span> <span class='ocrx_word' id='word_1_242' title='bbox 438 3599 482 3663; x_wconf 78' lang='lat' dir='ltr'>H.</span> <span class='ocrx_word' id='word_1_243' title='bbox 497 3601 525 3665; x_wconf 87' lang='lat'>1,</span> <span class='ocrx_word' id='word_1_244' title='bbox 548 3601 607 3654; x_wconf 73' lang='grc'><strong>292.</strong></span> <span class='ocrx_word' id='word_1_245' title='bbox 631 3600 664 3654; x_wconf 85' lang='lat' dir='ltr'>of.</span> <span class='ocrx_word' id='word_1_246' title='bbox 690 3599 848 3654; x_wconf 86' lang='lat' dir='ltr'>Ambresch.</span> <span class='ocrx_word' id='word_1_247' title='bbox 870 3600 897 3654; x_wconf 92' lang='lat' dir='ltr'>ll.</span> <span class='ocrx_word' id='word_1_248' title='bbox 922 3618 948 3669; x_wconf 89' lang='lat' dir='ltr'>p.</span> <span class='ocrx_word' id='word_1_249' title='bbox 968 3601 1009 3655; x_wconf 80' lang='lat'>12.</span> <span class='ocrx_word' id='word_1_250' title='bbox 1033 3598 1093 3653; x_wconf 88' lang='lat' dir='ltr'>adn.</span> <span class='ocrx_word' id='word_1_251' title='bbox 1116 3598 1150 3651; x_wconf 72' lang='lat'>52</span> <span class='ocrx_word' id='word_1_252' title='bbox 1175 3601 1203 3651; x_wconf 88' lang='lat' dir='ltr'>et</span> <span class='ocrx_word' id='word_1_253' title='bbox 1226 3611 1293 3664; x_wconf 84' lang='lat' dir='ltr'>quos</span> <span class='ocrx_word' id='word_1_254' title='bbox 1316 3592 1356 3650; x_wconf 91' lang='lat' dir='ltr'>ibi</span> 
     </span>
     <span class='ocr_line' id='line_1_32' title="bbox 223 3682 1356 3757; baseline -0.004 -17"><span class='ocrx_word' id='word_1_255' title='bbox 223 3686 348 3742; x_wconf 88' lang='lat' dir='ltr'>laudavit.</span> <span class='ocrx_word' id='word_1_256' title='bbox 367 3718 401 3726; x_wconf 94' lang='lat'><em>-</em></span> <span class='ocrx_word' id='word_1_257' title='bbox 418 3687 446 3755; x_wconf 81' lang='lat'>2)</span> <span class='ocrx_word' id='word_1_258' title='bbox 462 3685 496 3741; x_wconf 91' lang='lat' dir='ltr'>de</span> <span class='ocrx_word' id='word_1_259' title='bbox 514 3702 579 3741; x_wconf 86' lang='lat' dir='ltr'>sacr.</span> <span class='ocrx_word' id='word_1_260' title='bbox 598 3686 674 3741; x_wconf 84' lang='lat' dir='ltr'>Rom.</span> <span class='ocrx_word' id='word_1_261' title='bbox 692 3685 769 3740; x_wconf 86' lang='lat' dir='ltr'>libris</span> <span class='ocrx_word' id='word_1_262' title='bbox 786 3702 812 3754; x_wconf 90' lang='lat' dir='ltr'>p.</span> <span class='ocrx_word' id='word_1_263' title='bbox 831 3686 872 3739; x_wconf 82' lang='lat'>12.</span> <span class='ocrx_word' id='word_1_264' title='bbox 891 3701 963 3757; x_wconf 89' lang='lat' dir='ltr'>seqq.</span> <span class='ocrx_word' id='word_1_265' title='bbox 983 3717 1014 3726; x_wconf 92' lang='lat'>——</span> <span class='ocrx_word' id='word_1_266' title='bbox 1032 3685 1059 3754; x_wconf 86' lang='grc'>3)</span> <span class='ocrx_word' id='word_1_267' title='bbox 1075 3683 1159 3738; x_wconf 85' lang='lat' dir='ltr'>fastos</span> <span class='ocrx_word' id='word_1_268' title='bbox 1182 3682 1271 3753; x_wconf 86' lang='lat' dir='ltr'>quoad</span> <span class='ocrx_word' id='word_1_269' title='bbox 1295 3682 1356 3735; x_wconf 86' lang='lat' dir='ltr'>eius</span> 
     </span>
     <span class='ocr_line' id='line_1_33' title="bbox 224 3768 1354 3842; baseline -0.004 -16"><span class='ocrx_word' id='word_1_270' title='bbox 224 3772 282 3827; x_wconf 90' lang='lat' dir='ltr'>fieri</span> <span class='ocrx_word' id='word_1_271' title='bbox 299 3777 406 3842; x_wconf 86' lang='lat' dir='ltr'>poterat</span> <span class='ocrx_word' id='word_1_272' title='bbox 423 3772 494 3827; x_wconf 90' lang='lat' dir='ltr'>eruit</span> <span class='ocrx_word' id='word_1_273' title='bbox 510 3772 636 3827; x_wconf 88' lang='lat' dir='ltr'>Bardtius</span> <span class='ocrx_word' id='word_1_274' title='bbox 653 3771 681 3826; x_wconf 91' lang='lat' dir='ltr'>in</span> <span class='ocrx_word' id='word_1_275' title='bbox 699 3770 790 3826; x_wconf 91' lang='lat' dir='ltr'>libello</span> <span class='ocrx_word' id='word_1_276' title='bbox 803 3772 967 3828; x_wconf 79' lang='lat' dir='ltr'>scholastico</span> <span class='ocrx_word' id='word_1_277' title='bbox 985 3770 1030 3840; x_wconf 94' lang='lat' dir='ltr'>qui</span> <span class='ocrx_word' id='word_1_278' title='bbox 1048 3769 1216 3825; x_wconf 86' lang='lat' dir='ltr'>inscribitur:</span> <span class='ocrx_word' id='word_1_279' title='bbox 1235 3768 1354 3835; x_wconf 80' lang='lat' dir='ltr'>‚labres-</span> 
     </span>
     <span class='ocr_line' id='line_1_34' title="bbox 224 3855 1355 3937; baseline -0.004 -25"><span class='ocrx_word' id='word_1_280' title='bbox 224 3859 328 3937; x_wconf 85' lang='lat' dir='ltr'>bericht</span> <span class='ocrx_word' id='word_1_281' title='bbox 346 3859 393 3914; x_wconf 86' lang='lat' dir='ltr'>des</span> <span class='ocrx_word' id='word_1_282' title='bbox 410 3857 855 3927; x_wconf 81' lang='lat' dir='ltr'>BerlinerWilhelmsgymnasium.</span> <span class='ocrx_word' id='word_1_283' title='bbox 873 3858 1041 3915; x_wconf 82' lang='lat' dir='ltr'>Berl.1871.‘</span> <span class='ocrx_word' id='word_1_284' title='bbox 1060 3887 1093 3896; x_wconf 89' lang='lat'><em>-</em></span> <span class='ocrx_word' id='word_1_285' title='bbox 1109 3856 1137 3924; x_wconf 87' lang='grc'>4)</span> <span class='ocrx_word' id='word_1_286' title='bbox 1155 3855 1187 3910; x_wconf 86' lang='lat' dir='ltr'>ef.</span> <span class='ocrx_word' id='word_1_287' title='bbox 1205 3855 1278 3909; x_wconf 87' lang='lat' dir='ltr'>Fest.</span> <span class='ocrx_word' id='word_1_288' title='bbox 1297 3869 1317 3908; x_wconf 86' lang='lat' dir='ltr'>s.</span> <span class='ocrx_word' id='word_1_289' title='bbox 1330 3871 1355 3908; x_wconf 89' lang='lat' dir='ltr'>v.</span> 
     </span>
     <span class='ocr_line' id='line_1_35' title="bbox 225 3940 1356 4013; baseline -0.004 -14"><span class='ocrx_word' id='word_1_290' title='bbox 225 3946 342 4000; x_wconf 83' lang='lat' dir='ltr'>obscum.</span> <span class='ocrx_word' id='word_1_291' title='bbox 361 3976 395 3984; x_wconf 91' lang='lat'><strong>—</strong></span> <span class='ocrx_word' id='word_1_292' title='bbox 412 3944 654 4013; x_wconf 65' lang='lat' dir='ltr'>aurasicorum</span> <span class='ocrx_word' id='word_1_293' title='bbox 671 3943 821 4012; x_wconf 85' lang='lat' dir='ltr'>fragmenta</span> <span class='ocrx_word' id='word_1_294' title='bbox 842 3958 910 4012; x_wconf 89' lang='lat' dir='ltr'>qnae</span> <span class='ocrx_word' id='word_1_295' title='bbox 931 3943 1001 3998; x_wconf 90' lang='lat' dir='ltr'>idem</span> <span class='ocrx_word' id='word_1_296' title='bbox 1018 3942 1183 4010; x_wconf 85' lang='lat' dir='ltr'>Borghesius</span> <span class='ocrx_word' id='word_1_297' title='bbox 1206 3940 1356 4009; x_wconf 84' lang='lat' dir='ltr'>auguribus</span> 
     </span>
     <span class='ocr_line' id='line_1_36' title="bbox 224 4027 1356 4098; baseline -0.004 -12"><span class='ocrx_word' id='word_1_298' title='bbox 224 4030 382 4087; x_wconf 87' lang='lat' dir='ltr'>vindicanda</span> <span class='ocrx_word' id='word_1_299' title='bbox 407 4045 467 4085; x_wconf 87' lang='lat' dir='ltr'>esse</span> <span class='ocrx_word' id='word_1_300' title='bbox 491 4030 605 4089; x_wconf 86' lang='lat' dir='ltr'>coniecit</span> <span class='ocrx_word' id='word_1_301' title='bbox 627 4030 661 4084; x_wconf 87' lang='lat' dir='ltr'>ab</span> <span class='ocrx_word' id='word_1_302' title='bbox 684 4029 825 4086; x_wconf 86' lang='lat' dir='ltr'>institutae</span> <span class='ocrx_word' id='word_1_303' title='bbox 848 4029 1000 4098; x_wconf 86' lang='lat' dir='ltr'>scriptionis</span> <span class='ocrx_word' id='word_1_304' title='bbox 1024 4028 1136 4084; x_wconf 87' lang='lat' dir='ltr'>oonsilio</span> <span class='ocrx_word' id='word_1_305' title='bbox 1167 4027 1254 4082; x_wconf 84' lang='lat' dir='ltr'>aliena</span> <span class='ocrx_word' id='word_1_306' title='bbox 1281 4030 1356 4082; x_wconf 86' lang='lat' dir='ltr'>sunt.</span> 
     </span>
     <span class='ocr_line' id='line_1_37' title="bbox 225 4115 760 4173; baseline -0.002 -3"><span class='ocrx_word' id='word_1_307' title='bbox 225 4119 257 4173; x_wconf 86' lang='lat' dir='ltr'>cl.</span> <span class='ocrx_word' id='word_1_308' title='bbox 275 4117 396 4172; x_wconf 87' lang='lat' dir='ltr'>Momms.</span> <span class='ocrx_word' id='word_1_309' title='bbox 416 4122 443 4171; x_wconf 92' lang='lat' dir='ltr'>et</span> <span class='ocrx_word' id='word_1_310' title='bbox 461 4116 639 4172; x_wconf 86' lang='lat' dir='ltr'>Me&#39;rcklirrum</span> <span class='ocrx_word' id='word_1_311' title='bbox 657 4115 685 4172; x_wconf 92' lang='lat' dir='ltr'>ll.</span> <span class='ocrx_word' id='word_1_312' title='bbox 703 4115 731 4170; x_wconf 89' lang='lat' dir='ltr'>ll.</span> <span class='ocrx_word' id='word_1_313' title='bbox 757 4153 760 4158; x_wconf 89' lang='lat'>-</span> 
     </span>
    </p>
   </div>
   <div class='ocr_carea' id='block_1_5' title="bbox 0 0 1470 4874">
    <p class='ocr_par' dir='ltr' id='par_1_6' title="bbox 0 0 1470 4874">
     <span class='ocr_line' id='line_1_38' title="bbox 0 0 1470 4874; baseline 0 0"><span class='ocrx_word' id='word_1_314' title='bbox 0 0 1470 4874; x_wconf 95' lang='lat' dir='ltr'> </span> 
     </span>
    </p>
   </div>
  </div>
 </body>
</html>
