2928 4874
718 306 881 432 Q

244 527 277 591 in
299 526 464 609 fronteque
486 524 593 610 posuit
601 526 637 608 ¹).
676 524 822 590 Ceterum
844 524 1002 590 Tellurem
1024 523 1057 588 in
1073 523 1225 609 auspiciis
1240 522 1367 608 nuptia-

244 650 314 695 rum
336 635 482 696 vocatam
505 647 577 694 esse
598 626 733 694 traditur
761 649 781 694 a
803 626 914 710 Servio
924 629 960 711 2).
1005 626 1130 693 Deinde
1159 633 1264 694 autem
1286 627 1365 696 Ver-

244 733 340 818 gilius
361 738 485 818 patrem
508 731 756 815 omnipotentem
777 731 921 797 nominat
943 736 974 796 et
996 728 1177 797 Saturniam
1197 731 1365 798 Iunonem.

243 839 351 903 Iovem
380 835 508 919 quidem
540 833 670 901 deorum
698 833 924 918 hominumque
952 840 1076 919 patrem
1110 835 1143 899 in
1177 834 1366 919 precatione

244 939 384 1006 maxima
405 926 504 1005 fuisse
526 960 590 1006 non
612 957 781 1023 perperam
803 937 1044 1022 suspicabimur.
1089 939 1240 1004 Iunonem
1263 938 1366 1003 habes

243 1044 275 1107 in
298 1043 478 1128 fragmento
500 1042 630 1127 primos
658 1041 806 1123 Sequitur
834 1039 950 1107 deinde
971 1041 1099 1107 Mavors
1128 1041 1216 1107 cuius
1246 1041 1367 1106 mentio

243 1146 278 1210 fit
299 1145 333 1211 in
355 1146 468 1232 fragm.
491 1145 546 1211 IV.
589 1145 671 1210 Tum
693 1151 790 1229 poeta
811 1144 914 1211 fontes
938 1143 1114 1227 fluviosque
1138 1149 1368 1210 commemorat

243 1269 322 1332 quos
352 1253 517 1315 enumerat
547 1247 657 1314 Cicero
687 1248 804 1333 partim
832 1247 865 1312 in
895 1246 1009 1331 fragm.
1038 1247 1108 1311 1112.
1154 1248 1235 1314 Tum
1273 1246 1365 1311 indu-

243 1359 355 1418 cuntur
376 1373 406 1417 v.
430 1352 490 1416 181
513 1350 625 1417 Manes
648 1352 808 1434 (quaeque
831 1350 970 1417 aetheris
992 1351 1048 1415 alti
1071 1338 1183 1436 religio
1212 1350 1251 1416 ef.
1275 1336 1364 1415 Fest.

242 1476 300 1541 per
322 1454 430 1522 omnia
452 1452 595 1521 aetheria
617 1459 805 1536 terrenaque
828 1474 958 1523 manare
975 1452 1159 1539 ereduntur)
1175 1473 1255 1537 quos
1271 1453 1365 1519 vides

242 1560 276 1623 in
298 1558 411 1645 fragm.
434 1558 476 1624 11.
520 1556 622 1636 Quod.
637 1577 712 1623 vero
741 1556 900 1640 quaedam
928 1557 1040 1623 mirum
1069 1557 1102 1621 in
1132 1556 1261 1623 modum
1292 1576 1366 1620 eum

242 1662 420 1731 Homericis
442 1668 620 1746 congruunt
642 1661 789 1744 quamvis
811 1659 854 1726 ad
877 1680 1030 1745 augurum
1053 1661 1269 1745 precationem
1296 1678 1368 1744 per-

243 1765 344 1831 tinere
366 1754 567 1830 statuendum
590 1764 646 1847 sit,
677 1764 722 1829 ita
743 1763 969 1849 explicandum
999 1782 1070 1830 esso
1100 1782 1215 1829 censeo
1246 1768 1280 1827 ut
1309 1781 1367 1827 eos

244 1867 322 1935 deos
348 1868 403 1952 qui
431 1872 462 1933 et
489 1866 575 1953 apud
597 1867 768 1933 Homerum
799 1873 830 1932 et
859 1867 946 1952 apud
975 1886 1113 1954 augures
1142 1871 1370 1931 enumerentur

244 1971 290 2037 eis
313 1970 482 2057 adsignem
503 1969 698 2055 temporibus
721 1970 836 2052 quibus
852 1969 967 2036 Graeci
986 1976 1016 2035 et
1030 1970 1103 2034 Itali
1118 1968 1259 2036 nondum
1275 1977 1370 2034 erant

245 2064 395 2158 separati.
431 2072 577 2156 Denique
598 2093 639 2138 ne
654 2074 767 2138 Ianum
781 2080 904 2157 patrem
920 2073 1062 2138 omittam
1079 2093 1119 2140 no
1135 2073 1223 2138 illurn
1238 2070 1369 2155 quidem

246 2177 387 2244 defuisse
408 2177 441 2242 in
463 2175 648 2262 precatione
670 2176 816 2263 augurali
831 2195 1018 2261 persuasum
1035 2175 1182 2263 nahem).
1219 2176 1369 2256 Namque

243 2280 330 2369 quod
352 2278 616 2363 Ambroschius4)
639 2278 834 2345 Nasoionem
856 2298 982 2362 quoque
1010 2280 1052 2345 ad
1081 2299 1219 2364 augures
1248 2278 1369 2344 rettulit

243 2405 308 2450 non
330 2382 502 2451 adsentior.
546 2383 673 2449 Etenim
696 2381 870 2461 Ciceronis⁴
888 2382 1013 2462 loeus5)
1042 2403 1135 2466 quem
1163 2382 1274 2449 laudat
1299 2401 1367 2447 non

243 2494 309 2554 tarn
332 2486 375 2552 ad
397 2506 535 2573 augures
558 2506 654 2569 quam
677 2484 807 2552 omnino
830 2485 872 2550 ad
887 2487 1049 2552 Romanos
1070 2486 1214 2554 homines
1228 2486 1369 2570 pertinet

245 2611 348 2675 neque
360 2611 380 2656 a
391 2589 515 2677 Livioss)
532 2609 669 2676 augures
685 2588 744 2655 sed
758 2588 864 2674 potius
881 2589 1052 2655 decemviri
1067 2609 1230 2656 sacrorum
1239 2587 1369 2654 Ardeae

242 2713 310 2759 rem
341 2692 482 2759 divinam
510 2692 627 2760 fecisse
655 2690 869 2779 perhibentur.
921 2691 986 2758 Sed
1016 2698 1048 2758 ut
1077 2694 1119 2759 ad
1146 2692 1365 2779 precationem

246 2795 421 2862 maximam
442 2795 571 2862 redeam
594 2817 634 2863 ea
655 2795 731 2861 mihi
755 2795 883 2879 quidem
906 2795 949 2861 ad
971 2796 1139 2883 augurium
1154 2795 1274 2862 Salutis
1296 2815 1366 2881 per-

243 2901 343 2965 tinere
371 2898 497 2966 videtur
526 2900 612 2984 quod
641 2900 773 2967 Cassius
801 2899 862 2965 Dio
892 2898 993 2965 fusius
1024 2898 1174 2966 describit
1184 2901 1221 2984 ⁷).
1265 2899 1368 2965 Movit

244 3011 349 3070 antem
371 3024 422 3070 me
444 3023 540 3087 quarn
562 3003 700 3070 maxime
723 3009 757 3069 ut
777 3001 840 3069 hue
862 3002 1013 3069 referrem
1034 3003 1251 3088 precationem
1266 3005 1367 3068 maxi-

244 3127 330 3172 mam
352 3106 438 3188 quod
461 3107 592 3174 Servius
614 3107 748 3173 adiecit:
786 3112 999 3192 ‚eventusque
1020 3105 1066 3172 rei
1092 3107 1197 3173 bonae
1222 3107 1366 3194 pose-itin

186 3244 188 3247 ·
245 3210 339 3275 utin
370 3211 482 3277 melius
510 3211 639 3277 iuvent‘
687 3210 780 3276 Hunc
807 3210 891 3275 enim
920 3216 1069 3275 eventurn
1093 3230 1226 3295 poscere
1261 3216 1367 3275 utrum

243 3313 353 3381 liceret
374 3334 475 3382 necne
497 3314 530 3380 in
545 3314 678 3401 augurio
695 3313 813 3380 Salutis
829 3311 907 3379 deos
923 3314 1175 3399 consulebantf).
1213 3315 1264 3379 Ad
1278 3315 1366 3380 idem
1411 3356 1416 3367 x

245 3416 412 3502 augurium
435 3416 555 3486 Salutis
578 3424 722 3504 spectare
744 3436 932 3504 persuasum
961 3416 1065 3484 habeo
1097 3415 1182 3500 quod
1204 3417 1292 3484 Serv.
1320 3419 1367 3484 ad

244 3522 322 3585 Aen.
345 3520 404 3605 111,
429 3522 499 3587 265.
523 3522 631 3589 affert:
668 3521 713 3606 ‚di
734 3521 898 3607 prohibete
921 3521 1040 3604 minas]
1062 3519 1123 3586 hoc
1144 3541 1203 3606 per
1223 3522 1366 3607 speciem

246 3624 432 3710 auguralem
456 3645 537 3710 quae
560 3626 719 3692 invocatio
742 3625 922 3711 appellatur
943 3623 1087 3689 nonnulli
1108 3623 1227 3690 dictum
1242 3630 1366 3711 putant.

247 3728 410 3794 Invocatio
432 3736 537 3795 autem
561 3736 609 3796 est
630 3730 772 3814 precatio
799 3729 846 3794 uti
874 3734 1059 3794 avertantur
1087 3728 1173 3794 mala
1202 3718 1297 3794 cuius*
1320 3732 1369 3796 rei

314 3901 339 3973 1)
355 3897 482 3955 Fortasse
499 3901 577 3954 etiam
595 3900 682 3969 ipsum
705 3907 808 3973 patrem
825 3901 919 3955 Ianum
944 3899 1101 3968 significavit
1123 3900 1155 3954 cl.
1173 3899 1290 3955 Maerob.
1309 3899 1368 3956 Sat.

244 3983 265 4047 I,
279 3983 318 4037 17.
338 4014 371 4023 -
388 3984 415 4053 2)
433 3985 476 4040 Ad
493 3987 560 4041 Aen.
573 3985 618 4051 IV,
631 3986 687 4040 166.
701 4016 734 4026 -
745 3988 771 4054 3)
789 3987 862 4041 Paul.
880 3986 921 4038 52.
938 3986 970 4039 cf.
988 3986 1047 4039 adn.
1061 3988 1085 4040 1.
1098 4017 1130 4025 -
1143 3988 1169 4055 4)
1179 3986 1251 4041 Stud.
1266 4004 1292 4040 u.
1305 3989 1365 4042 An·

246 4069 332 4138 deutg
352 4088 376 4140 p.
391 4071 449 4125 186.
467 4071 526 4126 adn.
541 4072 597 4126 136.
617 4103 649 4113 -
667 4073 693 4143 5)
716 4073 748 4128 de
765 4080 818 4128 nat.
838 4073 908 4128 deor.
927 4072 975 4136 ΙΙΙ,
994 4072 1033 4126 18.
1046 4071 1087 4125 47.
1101 4103 1133 4112 -
1146 4072 1172 4143 6)
1190 4072 1277 4141 XXII,
1291 4074 1314 4127 1.
1327 4100 1366 4115 -

244 4155 269 4223 7)
288 4156 395 4213 Cassius
413 4157 464 4212 Dio
481 4157 522 4213 37,
540 4158 580 4212 24.
