2928 4874
616 281 781 387 „4²5-

124 475 295 544 mentariis
320 472 497 542 vindicare.
541 473 610 561 (Fr.
633 474 703 561 IV.)
747 476 836 542 Idem
867 475 1004 542 fortasse
1033 476 1074 541 de
1103 493 1142 540 eo
1170 492 1260 559 prae-

125 587 224 666 cepto
253 578 419 666 auguralis
449 577 643 663 disciplinae
671 579 759 645 valet
787 577 873 661 quod
910 577 1010 643 tradit
1038 576 1121 642 Plin.
1152 576 1192 642 H.
1218 577 1261 644 N.

116 684 182 769 Ι28.
205 685 235 748 2.
260 685 328 747 la:
352 681 386 747 in
408 700 566 766 augurum
588 681 761 768 disciplina
782 686 909 747 constat
930 700 1035 762 neque
1050 679 1139 746 diras
1155 697 1259 762 neque

119 786 198 873 ,ulla
220 784 367 871 auspicia
387 784 547 869 pertinere
570 783 612 848 ad
635 802 691 849 eos
713 782 768 866 qui
787 803 946 866 quamque
961 803 1029 849 rem
1043 780 1261 867 ingredientes

125 889 322 954 observasse
344 907 385 953 ea
405 887 604 972 negaverint,
628 905 691 968 quo
721 905 852 952 munere
881 885 1012 951 divinae
1041 883 1261 967 indulgentiae

124 989 232 1056 maius
262 989 384 1056 nullum
414 991 483 1056 est‘.
530 989 667 1055 ‘Etenim
704 989 733 1054 si
768 979 830 1057 huc
868 994 1074 1075 praeceptum
1111 1005 1261 1069 umquam

114 1093 240 1158 litteris
261 1090 448 1157 mandatum
470 1091 539 1176 fuit,
562 1091 670 1158 lacere
692 1111 757 1159 non
778 1111 910 1177 possum
932 1091 1010 1173 quin
1025 1088 1261 1155 commentariis

124 1194 289 1261 vindicem
326 1193 445 1279 quippe
481 1195 596 1278 quibus
631 1195 688 1261 illa
724 1195 841 1261 veteris
878 1191 1070 1279 disciplinae
1105 1190 1261 1257 severitas

117 1296 367 1380 quodammodo
390 1297 537 1382 mitigata
558 1319 598 1364 ac
620 1297 756 1366 remissa
770 1298 821 1365 sit.
858 1297 900 1364 ci.
917 1295 991 1363 Seu.
1008 1300 1131 1376 quaest.
1148 1296 1188 1379 11,
1209 1296 1261 1359 32.

254 1451 292 1516 B.
316 1447 446 1517 decreta
468 1451 647 1538 auguralia.

119 1660 123 1669 .
213 1603 342 1689 Fragm.
365 1605 437 1669 I=
454 1604 520 1673 Oic.
544 1605 587 1671 de
616 1605 711 1672 domo
733 1603 803 1690 XV,
827 1608 885 1671 39:
915 1603 1017 1671 Venio
1047 1601 1091 1670 ad
1120 1621 1259 1688 augures

119 1718 261 1790 'quorum
285 1726 345 1792 ego
367 1706 466 1773 libros
489 1708 518 1773 si
540 1707 595 1790 qui
617 1715 691 1774 sunt
706 1707 864 1774 reconditi
878 1728 943 1775 non
959 1713 1091 1794 scrutor,
1106 1726 1172 1774 non
1187 1725 1260 1772 sum

124 1808 160 1872 ‘n
184 1806 381 1892 exquirendo
404 1809 473 1877 iure
495 1830 653 1897 augurum
676 1810 837 1878 curiosus:
875 1810 956 1879 haec
984 1831 1068 1893 quae
1096 1829 1161 1877 una
1189 1827 1260 1876 cum

114 1910 246 1996 populo
270 1909 369 1977 didici
393 1932 475 1995 quae
497 1933 597 1999 saepe
619 1915 653 1981 in
676 1914 880 1981 contionibus
903 1933 1061 2001 responsa
1080 1917 1155 1980 sunt
1169 1910 1259 1979 novi:

115 2018 250 2098 ‘negant
271 2013 322 2079 fas
345 2034 418 2082 esse
440 2016 496 2101 agi
517 2036 589 2083 cum
611 2017 731 2102 populo
755 2037 826 2084 oum
849 2016 891 2082 de
913 2016 1004 2082 caelo
1020 2021 1182 2082 servatum
1198 2014 1259 2080 sit‘.

121 2115 168 2185 .f.
196 2118 226 2196 §-
249 2117 306 2180 40:
344 2117 389 2202 ‚tu
416 2137 556 2203 augures
584 2118 764 2205 produxIsti
793 2140 814 2185 a
845 2126 878 2185 te
906 2119 1094 2206 interrogati
1121 2135 1261 2202 augures

118 2217 362 2304 esponderunt
391 2240 462 2287 cum
492 2221 534 2288 de
563 2222 653 2290 caelo
683 2226 844 2289 servatum
875 2221 917 2289 sit
947 2221 1019 2307 agi
1032 2241 1104 2288 cum
1138 2219 1260 2307 pogulo

114 2337 192 2394 non
213 2324 350 2407 posse‘.
1045 2373 1048 2381 .

120 2428 123 2437 '
294 2425 336 2493 cf.
358 2426 395 2492 R.
414 2426 451 2494 U.
470 2428 519 2493 76.
536 2427 611 2494 adn.
627 2429 658 2494 4.
692 2427 729 2492 Β.
745 2427 788 2493 M.
803 2427 845 2511 11,
868 2428 897 2493 3.
914 2426 965 2492 80.
988 2444 1077 2509 seqq.
1114 2425 1150 2492 L.
1166 2426 1203 2491 L.
1219 2425 1259 2491 H.

338 2529 365 2614 Ι,
387 2529 460 2594 295.
497 2529 539 2595 M.
562 2532 600 2597 R.
623 2530 657 2597 S.
680 2532 705 2615 l,
729 2529 759 2595 5.

215 2631 305 2698 Serv.
329 2630 372 2697 ad
393 2632 474 2699 Aen.
498 2634 552 2699 lv.
576 2634 655 2698 167:
694 2631 779 2700 aetio
807 2631 973 2718 perimitur
999 2652 1072 2701 cum
1100 2629 1142 2698 de
1169 2629 1260 2698 caelo

118 2741 290 2802 erratum
312 2736 380 2801 est‘.

117 2830 122 2839 '
211 2836 262 2903 Ad
288 2836 350 2903 hoc
379 2843 587 2923 praeceptum
615 2837 693 2905 iuris
723 2838 888 2925 auguralis
924 2837 1010 2921 quud
1049 2838 1083 2903 in
1120 2836 1260 2904 decretis

114 2929 117 2934 ’
155 2938 279 3005 aditum
309 2959 381 3006 esse
409 2939 537 3006 videtur
564 2940 790 3007 illustrandum
820 2940 976 3025 imprimis
1013 2940 1137 3007 confert
1171 2940 1261 3006 locus

114 3041 237 3109 ¹Cassii
258 3040 373 3110 Dionis
396 3043 448 3109 cui
470 3042 606 3128 primum
628 3043 756 3109 Rubino
779 3043 882 3110 lucem
905 3041 1011 3108 attulit
1031 3041 1187 3127 XXXIII,
1211 3043 1262 3108 13.

124 3143 287 3211 Cohaeret
308 3151 416 3211 autem
438 3144 500 3211 hoc
522 3152 730 3232 praeceptum
752 3153 822 3214 arte
844 3165 916 3213 eum
931 3163 970 3212 eo
985 3150 1158 3230 praecepto
1174 3143 1261 3228 quod

114 3245 161 3313 ''rn
191 3245 230 3312 fr.
253 3247 376 3332 XXIV,
406 3268 438 3333 p.
469 3249 520 3314 38.
544 3255 728 3315 enarratum
750 3256 807 3316 est.
852 3249 1001 3330 Namque
1022 3247 1051 3313 si
1080 3246 1134 3331 qui
1161 3248 1261 3334 magi-

115 3354 249 3416 stratus
272 3349 385 3436 populi
407 3349 545 3418 Romani
567 3370 641 3419 sese
663 3351 704 3418 de
725 3353 817 3421 caelo
848 3369 998 3419 servasse
1025 3348 1177 3416 dicebant
1205 3349 1264 3415 ful·
1336 3370 1348 3389 ·

124 3472 201 3518 men
221 3452 292 3524 ¹sibi
330 3453 521 3539 apparuisse
558 3452 770 3522 declarabant
778 3454 814 3541 ²).
864 3455 943 3521 Iove
975 3458 1083 3518 autem
1118 3450 1263 3538 fulgente

116 3560 260 3623 'onante
281 3574 353 3622 cum
375 3555 495 3642 populo
518 3556 574 3642 agi
595 3558 690 3624 nefas
713 3563 789 3623 erat.
833 3555 962 3623 Etenim
983 3553 1070 3638 quod
1103 3554 1262 3623 interdum

114 3657 337 3746 pronuntiant
359 3677 395 3724 se
418 3656 459 3724 de
481 3657 571 3725 caelo
594 3667 778 3727 servaturos
800 3678 882 3744 esse,
904 3678 971 3726 non
991 3658 1054 3724 hoc
1069 3656 1174 3726 edicto
1190 3658 1261 3743 ipso

120 3761 259 3828 ‘comitia
279 3759 452 3846 prohibent
473 3767 529 3826 aut
550 3763 681 3847 vitiant,
704 3760 764 3829 sed
785 3761 922 3847 singulis
944 3759 1124 3843 quibusque
1146 3759 1261 3827 diebus

129 3882 185 3931 ·os
206 3862 241 3927 in
262 3882 412 3949 campum
435 3862 632 3931 descendere
654 3865 909 3949 obnuntiareque
931 3881 1065 3929 necesse
1084 3870 1154 3929 erat
1174 3863 1261 3946 quod

114 4051 118 4066 ¹
195 4087 222 4153 1)
239 4086 269 4140 n.
288 4086 324 4140 u.
344 4086 384 4153 11,
403 4086 427 4141 3.
446 4088 487 4142 aa.
524 4087 560 4141 ru.
579 4087 610 4141 a.
629 4087 655 4142 s,
674 4088 695 4154 1,
714 4088 737 4141 c.
756 4085 817 4143 aun.
835 4087 860 4141 a.
966 4055 969 4061 ’
