2928 4874
584 303 750 398 „al-

335 528 383 592 lle
404 526 627 606 singularibus
648 526 764 613 vorbis
776 523 1002 604 auguralibus.

191 665 324 744 Praeter
347 698 386 744 ea
408 677 590 762 fragmenta
619 683 716 759 atque
745 675 987 762 apospasmatia
1016 693 1099 757 quae
1130 674 1237 740 adhuc
1267 728 1272 739 ,

98 782 293 847 enumeravi
320 786 449 845 exstant
477 780 597 846 multae
627 779 837 845 sententiolae
867 785 965 860 atque
993 778 1094 843 verba
1132 777 1239 863 singu-

97 884 190 949 laria
217 903 301 965 quae
331 883 456 949 etiamsi
490 903 556 948 non
593 882 721 966 disertis
757 881 863 961 verbis
899 881 990 947 libris
1027 881 1239 947 attribuantur

99 992 250 1052 attamen
273 985 404 1051 dubium
427 1004 500 1051 esse
522 1006 587 1050 non
608 988 715 1069 potest
741 984 818 1065 quin
846 983 926 1048 inibi
954 983 1079 1070 fuerint,
1125 984 1239 1067 Itaque

83 1086 255 1175 ‘superest
276 1093 311 1152 ut
332 1086 414 1155 haec
436 1088 536 1154 verba
558 1106 741 1154 enumerem
762 1086 876 1171 paucis
904 1092 1035 1151 tantum·
1057 1086 1239 1152 illustrandi

104 1208 211 1254 causa
234 1189 363 1257 additis.

236 1310 274 1374 Α.
298 1309 405 1376 Verba
427 1309 597 1376 sollemnia
619 1306 662 1375 ad
684 1308 735 1373 ius
757 1326 884 1374 sacrum
908 1308 1087 1393 referenda.

194 1429 298 1511 Atque
320 1430 457 1514 primum
480 1430 608 1512 quidem
631 1427 672 1494 de
694 1428 793 1494 variis
810 1429 982 1513 generibus
998 1435 1093 1512 atque
1107 1432 1239 1499 nomini-

102 1533 169 1597 bus
200 1532 416 1617 auspiciorum
445 1530 616 1599 dicendum
647 1538 703 1597 est.
763 1530 878 1597 Divisa
907 1531 991 1597 enim
1021 1540 1095 1598 sunt
1132 1535 1240 1601 omnia

104 1634 257 1720 auspicia
278 1635 312 1700 in
335 1635 398 1701 duo
420 1654 542 1719 genera
563 1637 707 1702 oblativa
729 1640 761 1700 et
787 1636 997 1716 impetratura
1023 1641 1104 1703 teste
1126 1636 1238 1704 Servio

103 1736 167 1821 (ad
182 1737 261 1803 Aen.
277 1738 332 1822 VI,
357 1738 441 1823 190.)
458 1739 512 1821 qui
534 1744 704 1820 utrumque
726 1754 828 1822 genus
853 1736 900 1801 sic
922 1736 1079 1823 explieat:
1103 1741 1239 1826 auguria

107 1846 167 1906 aut
188 1840 331 1906 oblativa
352 1846 427 1905 aunt
448 1860 531 1922 quae
553 1861 619 1923 uon
641 1845 816 1924 poscuntur
845 1845 900 1905 aut
927 1840 1132 1925 impetrativa
1157 1864 1240 1926 quae

106 1949 221 2027 optata
235 1943 388 2010 veniunt‘.
425 1942 570 2009 Ceterum
587 1943 720 2008 verbum
734 1943 944 2025 impetrlendl
958 1962 1030 2008 cum
1045 1945 1079 2009 in
1095 1952 1240 2012 extorum

106 2046 343 2112 consultatione
371 2053 438 2112 tum
467 2047 501 2111 in
531 2044 639 2111 avium
669 2045 895 2112 observatione
925 2046 1079 2112 sollemne
1113 2048 1241 2116 videtur

104 2148 209 2215 fuisse
218 2150 255 2234 ¹).
293 2148 378 2215 Dein
399 2169 475 2215 vero
497 2168 597 2234 pergo
620 2147 664 2212 ad
687 2148 855 2215 notissima
877 2148 934 2212 illa
956 2149 1097 2232 quinque
1119 2171 1241 2234 genera

106 2250 326 2334 auspiciorum
352 2272 373 2317 a
401 2250 503 2317 Paulo
534 2256 720 2316 enumerata
756 2270 839 2333 quae
875 2251 940 2316 iam
977 2251 1122 2335 pluribus
1158 2255 1239 2320 loois

108 2354 357 2421 commemoravi
383 2376 414 2440 p.
438 2353 525 2418 aad:
558 2353 697 2436 quinque
725 2372 846 2438 genera
876 2353 1040 2442 signorum
1067 2356 1241 2424 observant

108 2476 249 2541 augures
272 2478 313 2523 ex
334 2457 425 2524 caelo
448 2476 489 2522 ex
519 2456 633 2523 avibus
663 2476 704 2522 ex
730 2455 879 2542 tripudiis
909 2476 950 2524 ex
977 2457 1239 2544 quadrupedibus

105 2580 149 2625 ex
172 2558 273 2625 diris‘.
352 2603 356 2609 ι

195 2682 219 2745 Ι.
241 2680 397 2765 Auspicia
417 2700 459 2746 ex
481 2680 615 2766 caelo²).
704 2705 707 2709 ·

193 2800 244 2866 De
271 2800 465 2867 caelestibus
494 2798 650 2885 auspiciis
680 2800 747 2865 ianr
775 2819 874 2884 supra
901 2800 1099 2887 disputatum
1129 2807 1178 2866 est
1205 2802 1240 2865 in

106 2902 239 2987 Fragm.
262 2904 372 2969 XXIV
398 2904 444 2988 (p.
469 2902 536 2988 38.)
559 2901 761 2986 explicando.
805 2903 929 2969 Ibidem
956 2903 1036 2969 illud
1063 2902 1241 2988 auspicium

106 3025 182 3071 oum
205 3003 246 3070 de
269 3005 359 3071 caelo
383 3007 426 3071 sit
446 3007 544 3071 verbo
567 3024 724 3089 augurum
746 3005 962 3091 marimum³)
985 3005 1142 3090 appellari
1158 3025 1241 3070 oom-

70 3150 71 3155 κ
103 3109 292 3173 memoravi.
336 3108 512 3174 Maximum
535 3114 641 3173 autem
663 3113 834 3192 propterea
855 3114 989 3174 vocatur
1019 3106 1105 3189 quod
1135 3106 1240 3189 magis

104 3215 211 3276 ratum
233 3217 283 3276 est
304 3230 400 3292 quam
422 3217 530 3277 cetera
551 3211 695 3295 sigua⁴).
1121 3209 1125 3214 ’

80 3398 85 3407 ,
194 3332 233 3397 ΙΙ.
255 3331 412 3418 Auspicia
434 3351 474 3397 ex
496 3331 620 3396 avibus.

176 3588 202 3655 l)
221 3587 273 3642 Cic
293 3587 327 3643 de
344 3587 394 3642 div.
414 3586 435 3653 l,
454 3587 494 3641 16.
512 3586 553 3641 28.
589 3585 675 3641 Plaut.
694 3585 741 3639 As.
761 3585 795 3653 II,
815 3586 840 3639 1.
858 3586 900 3640 11.
916 3585 996 3655 (295).
1031 3584 1107 3641 Paul.
1126 3586 1184 3647 ios,
1204 3601 1237 3627 ·-

100 3675 131 3744 2)
147 3673 185 3728 Μ.
204 3673 236 3727 ll.
254 3674 280 3728 S.
299 3673 320 3740 1,
337 3673 361 3727 4.
381 3687 453 3742 seqq.
472 3702 505 3713 —-
523 3672 549 3742 3)
566 3672 655 3726 Aliter
671 3671 801 3728 Messalla
817 3671 890 3742 apud
908 3670 975 3726 Geli.
993 3671 1074 3740 XIII,
1093 3672 1133 3727 15.
1151 3671 1236 3727 maxi-

100 3774 210 3815 morum
240 3758 420 3828 auspiciorum
448 3758 655 3827 appellationem
684 3758 719 3812 ad
749 3758 920 3826 magistratus
949 3757 1064 3812 maiores
1094 3758 1183 3814 refert.
1208 3789 1239 3798 —

103 3846 131 3914 4)
150 3843 277 3901 Similiter
294 3845 399 3913 aquilae
409 3840 626 3912 =significationes
643 3859 703 3898 cnm
721 3845 806 3914 magn
823 3850 898 3900 ratae
915 3843 969 3898 sint
987 3858 1066 3912 qnam
1090 3850 1240 3899 ceterarum

103 3931 194 3985 avium
212 3931 330 3995 ‚maiora‘
348 3932 469 4001 auspicia
485 3930 698 4000 appellabantur.
733 3932 766 3986 ei.
785 3932 858 3987 Serv.
877 3930 911 3985 ad
927 3931 995 3985 Aen.
1006 3930 1055 3996 III,
1068 3930 1126 3986 374.
1156 3929 1239 3984 Deni-

70 4032 71 4035 ’
102 4031 157 4085 que
175 4016 198 4070 si
215 4015 304 4070 Numa
321 4030 338 4070 a
355 4015 484 4072 Cicerone
502 4016 548 4085 (de
566 4030 621 4085 rep.
640 4015 679 4081 Π,
698 4018 738 4072 14.
756 4017 812 4087 26.)
837 4017 938 4072 maiora
961 4015 1081 4085 auspicia
1106 4016 1240 4071 invenisse

101 4102 202 4157 dieitur
218 4117 273 4155 non
291 4100 385 4155 dubito
404 4103 439 4156 ad
456 4101 576 4173 auspicia
593 4102 720 4158 caelestia
738 4103 845 4157 referre.
