2928 4874
671 256 836 362 „Qn-

191 453 286 532 Quod
309 472 380 517 cum
410 450 455 516 ita
486 450 527 515 sit
556 456 654 516 totum
683 471 811 518 versum
841 451 1000 519 excidisse
1028 451 1125 517 valde
1153 452 1327 534 probabile

191 564 249 622 est.
293 554 495 620 Rubinoncm
519 560 646 620 secutus
669 560 718 620 est
740 555 939 639 Beckeruss)
960 553 995 619 in
1018 572 1056 620 eo
1079 553 1182 620 solum
1205 553 1328 619 discre-

190 678 272 744 pans
303 654 390 739 quod
420 655 454 721 in
485 655 792 745 ultimofenuntiato
821 676 933 729 vocem
963 655 1058 740 ‚aliis‘
1085 655 1182 722 latius
1210 663 1327 740 patere
1442 694 1447 703 ·

190 760 301 826 statuit
331 777 428 841 quam
459 759 500 825 sit
528 778 674 842 aequom.
727 760 842 842 ltaque
871 758 1022 833 Beckero
1046 759 1079 824 in
1116 779 1155 826 eo
1191 780 1328 846 prorsus

191 861 357 929 adsentior
379 861 465 944 quod
488 861 585 927 etiam
607 861 704 927 finem
725 862 819 952 huius
842 861 906 927 loci
934 861 1126 928 lacunosum
1155 882 1227 930 esse
1256 866 1329 950 opi-

190 970 294 1031 natur.
331 965 368 1030 In
391 963 453 1029 hac
476 970 582 1030 autem
597 963 716 1031 lacuna
731 982 786 1031 eos
802 965 988 1031 nominatim
1005 971 1207 1034 enumeratos
1223 965 1336 1034 fuisse,

190 1075 267 1153 puto
290 1068 406 1149 quibus
430 1067 553 1153 spectio
575 1067 646 1133 sine
668 1067 868 1134 nuntiatione
890 1067 969 1134 data
991 1069 1107 1153 eram).
1144 1069 1331 1137 Rubinonis

191 1177 297 1237 autem
321 1176 511 1254 argumenta
533 1170 724 1256 impugnare
749 1177 883 1237 conatus
913 1176 962 1236 est
990 1170 1182 1238 adolescens
1205 1172 1330 1240 Vratis·

190 1273 345 1339 laviensis
368 1273 543 1339 Grosscrus
566 1273 600 1338 in
623 1272 847 1339 dissertatione
872 1274 1054 1359 inaugurali
1077 1294 1174 1358 quam
1195 1276 1330 1361 scripsit

192 1374 233 1441 de
249 1375 415 1460 spectione
431 1381 463 1440 et
476 1366 685 1443 nuntiatione.
723 1374 789 1441 Sed
805 1376 979 1443 Grcsserus
995 1377 1048 1460 qui
1064 1377 1328 1445 emendationem

190 1497 295 1564 paene
317 1478 490 1544 immanem
512 1477 643 1562 protulit
665 1479 693 1563 si
716 1477 793 1562 quid
815 1477 909 1545 video
931 1479 1110 1546 Rubiconis
1139 1480 1327 1566 opinionem

191 1580 279 1646 nullo
310 1579 406 1646 modo
436 1576 635 1647 labefactare
663 1581 776 1667 potuit.
820 1581 1037 1648 Mommsenus
1066 1603 1192 1666 quoque
1221 1584 1256 1649 in
1287 1605 1328 1652 eo

191 1682 274 1749 libro
305 1702 399 1766 quem
428 1682 470 1749 de
498 1683 666 1769 republica
694 1684 910 1751 Romanorum
939 1686 1068 1769 scripsit
1102 1684 1328 1754 vehementius

192 1786 335 1852 secuisse
357 1785 435 1851 mihi
457 1785 584 1852 videtur
606 1806 703 1869 quam
726 1793 767 1853 ut·
783 1787 918 1853 salutem
940 1787 1012 1854 loco
1040 1788 1185 1855 attulisse
1212 1798 1330 1875 putau-

192 1888 252 1954 dus
276 1889 326 1954 sit.
365 1883 518 1976 Disputat
540 1891 625 1956 enim
640 1891 666 1975 Ι,
689 1910 720 1975 p.
737 1892 778 1956 32
801 1891 835 1955 in
850 1889 934 1956 hunc
950 1890 1096 1957 modum:
1119 1892 1241 1958 Ausser
1255 1893 1326 1960 Cic.

190 1990 272 2057 Phil.
301 1992 349 2069 ΙΙ,
385 1991 437 2056 32.
469 1993 523 2057 81.
553 1992 675 2058 welche
703 1992 802 2060 Stella
832 1991 895 2058 den
924 1992 1239 2079 Hauptunterschied
1267 1995 1330 2064 der

191 2093 472 2179 magistratisohen
495 2093 625 2179 Spectic
647 2095 713 2160 und
736 2096 794 2162 der
820 2097 998 2181 auguralen
1026 2096 1184 2163 nuntiatio
1215 2097 1333 2164 sebarf

191 2195 258 2262 und
280 2196 353 2261 klar
375 2196 683 2283 auseinandorsetzt,
707 2197 822 2283 gehdrt
841 2198 969 2264 hierber
990 2199 1075 2265 noch
1097 2198 1149 2264 die
1172 2198 1328 2285 folgende

191 2298 277 2365 ihrer
307 2299 520 2370 Vcrderbniss
548 2320 663 2386 wegen
693 2299 884 2386 schwierige
911 2300 978 2366 und
1006 2322 1070 2388 von
1094 2300 1222 2390 Rubinc
1256 2304 1329 2368 und

190 2402 323 2469 Andern
354 2402 444 2470 nicht
476 2402 640 2488 glticklieh
677 2401 870 2469 behandelte
897 2402 996 2469 Stella
1033 2402 1091 2469 des
1108 2402 1207 2470 Fest.
1243 2406 1327 2469 333:
1453 2461 1454 2464 ,

191 2506 324 2592 ‚spectio
346 2505 380 2570 in
403 2506 611 2591 auguralibus
634 2505 763 2592 ponitur
788 2526 847 2591 pro
877 2505 1072 2592 aspectione.
1104 2512 1136 2571 et
1164 2508 1328 2574 nuntiatio
1453 2595 1454 2602 ἵ

193 2609 270 2692 quia
292 2628 387 2674 omne
406 2609 457 2674 ius
480 2628 644 2675 sacrorum
666 2607 786 2674 habent
808 2607 982 2695 auguribus
1005 2609 1156 2693 competit
1183 2610 1221 2696 (i)
1250 2632 1329 2695 quo-

191 2731 261 2777 rum
291 2710 428 2777 consilio
456 2730 524 2802 rem
553 2717 702 2796 gererent
730 2711 937 2796 magistratus
963 2709 1024 2776 hos
1047 2711 1086 2795 (l)
1121 2718 1156 2777 ut
1191 2721 1330 2798 possent

191 2813 348 2899 impedire
370 2812 549 2881 nuntiando
573 2832 793 2898 quaecumque
815 2812 981 2879 vidissent.
1003 2811 1100 2879 athis
1116 2816 1238 2899 spectio
1254 2793 1330 2882 sine

192 2916 392 2983 nuntiatione
415 2915 493 2982 data
516 2922 565 2983 est
592 2923 627 2983 ut
655 2917 719 3002 ipsi
748 2915 894 3001 auspicio
923 2935 990 2981 rem
1020 2922 1169 3000 gererent
1197 2938 1261 2984 non
1291 2926 1330 2985 ut

192 3019 275 3085 alios
312 3019 506 3105 impedirent
542 3019 740 3086 nuntiandot
792 3019 940 3103 Namque
969 3019 997 3084 si
1032 3018 1111 3086 alibi
1119 3021 1146 3101 ⁸)
1182 3024 1332 3088 cubema

194 3123 295 3189 verba
316 3127 361 3207 ‚at
382 3121 433 3189 his
456 3122 591 3208 spectio‘
615 3142 685 3206 sqq.
708 3122 867 3207 respicere
890 3121 933 3187 ad
952 3122 1058 3207 legem
1074 3121 1222 3187 Clodiam
1237 3143 1329 3191 anno

194 3245 223 3289 a.
247 3244 277 3290 u.
299 3244 328 3291 o.
353 3224 415 3289 696
438 3223 539 3289 latam
561 3231 673 3291 censet
694 3245 759 3309 qua
779 3225 854 3310 lege
874 3232 939 3291 non
961 3225 1066 3290 minus
1089 3224 1243 3291 audacter
1270 3227 1331 3293 ob-

193 3328 424 3394 nuntiationem
448 3310 695 3413 magistratuum
718 3328 879 3393 sublatam
901 3346 1061 3412 augurum
1083 3332 1239 3394 retentam
1254 3347 1332 3395 csse

192 3429 284 3514 fingit
305 3429 357 3495 vel
378 3435 552 3515 propterca
573 3431 691 3497 salsum
715 3437 763 3496 est
786 3429 872 3513 quod
895 3435 962 3496 tota
978 3429 1068 3496 Festi
1090 3430 1262 3515 explicatio
1285 3451 1331 3499 ex

193 3531 401 3617 auguralibus
437 3532 529 3599 libris
567 3532 714 3600 desumto
751 3552 822 3599 esse
851 3532 978 3599 videtur
1006 3533 1061 3616 qui
1089 3538 1156 3600 toto
1186 3533 1277 3600 eaelo
1308 3557 1334 3600 a

193 3636 275 3721 legis
299 3633 434 3702 Clodiae
457 3641 492 3701 et
510 3642 653 3719 tempore
676 3641 708 3701 et
729 3642 845 3701 natura
867 3635 1062 3721 discrepant.
1085 3674 1127 3684 -
1150 3636 1264 3719 Itaque
1292 3639 1336 3706 ni

193 3738 303 3804 omnia
331 3757 382 3803 me
411 3737 528 3804 fallunt
557 3736 683 3803 Rubino
710 3737 798 3803 Festi
828 3738 933 3804 locum
963 3739 1010 3805 ita
1039 3737 1189 3805 tractavit
1224 3744 1260 3804 ut
1296 3750 1337 3809 et

194 3840 375 3908 satisfaciat
403 3842 474 3908 loco
506 3840 717 3907 Oicaroniano
746 3842 807 3925 (or.
837 3839 918 3906 Phil.
947 3841 996 3927 ll,
1034 3842 1085 3906 32.
1115 3841 1182 3928 81.)
1220 3848 1251 3907 et
1289 3864 1335 3912 ex

261 3980 287 4046 1)
303 3978 335 4032 Β.
354 3978 391 4032 Μ.
410 3977 450 4043 11,
468 3976 491 4030 a
506 3976 546 4030 ua
565 3975 626 4031 aen.
644 3976 702 4030 aar.
721 4006 754 4016 -
771 3977 798 4044 a)
815 3977 846 4030 a.
865 3975 896 4032 ιι.
916 3992 941 4046 p.
955 3952 996 4031 sc.
1014 4006 1048 4016 -
1066 3977 1094 4044 a)
1112 3978 1142 4032 a.
1162 3977 1188 4031 s.
1207 3977 1228 4042 1,
1247 3995 1272 4047 p.
1286 3980 1336 4035 35.

192 4065 252 4121 aun.
271 4066 295 4118 a.

591 4178 637 4197 ''⁷²9-
