2928 4874
91 482 1234 589 ammwamumuommmm

90 607 142 691 ΙΙ,
168 608 265 673 12.1.
288 604 474 675 Messallam
497 602 584 688 apud
607 603 746 670 Gellium
760 603 856 687 XIII,
881 602 929 666 15.
975 601 1128 668 Similiter
1151 606 1237 670 cala·

1 697 3 742 ÷
90 718 188 776 tores
209 728 335 793 quoque
357 708 532 793 auguribus
554 707 588 772 in
611 707 756 792 auspicio
781 724 852 772 esse
880 702 1028 770 dicuntur
1056 706 1165 793 aldio.
1195 706 1236 772 de

91 815 164 896 leg.
188 813 246 897 ΠΙ,
270 815 319 878 19.
365 810 488 877 Eodem
511 809 650 895 pertinet
672 808 758 893 quod
779 807 908 894 pullarii
932 808 1076 893 auspicio
1099 808 1237 893 ⁷adesse‘

1 913 3 916 ’
93 915 171 980 sive
193 914 368 998 ‚interesse‘
391 914 539 978 dicuntur
561 934 582 977 a
604 912 673 979 Liv.
689 913 731 997 X,
753 912 806 977 40.
850 910 997 993 Denique
1020 911 1116 976 etiam
1137 912 1237 978 verba

0 1028 6 1035 ’
94 1016 248 1083 mittendi
278 1024 310 1083 et
340 1015 517 1083 adhibendi
545 1014 579 1080 in
609 1015 672 1081 hoc
705 1034 825 1100 genere
852 1013 1030 1097 sollemnia
1066 1021 1158 1080 erant
1195 1015 1236 1080 cf.

91 1120 215 1204 fragm.
240 1126 272 1185 et
293 1119 364 1186 Liv.
386 1121 435 1204 X,
458 1119 510 1182 40.
535 1156 576 1164 -
599 1116 684 1196 Quid
708 1119 750 1183 sit
771 1116 933 1183 silentium
956 1116 1074 1201 optime
1097 1118 1238 1203 explicat

1 1287 2 1290 ,
95 1222 169 1288 Cic.
187 1221 435 1306 oediv.11‚·34.
453 1222 517 1285 ils
538 1218 573 1285 id
594 1221 680 1286 enim
702 1220 862 1285 silentium
885 1218 1021 1287 dicimus
1036 1219 1069 1284 in
1085 1223 1238 1306 auspiciis

1 1335 3 1338 ’
95 1325 191 1407 quod
214 1325 300 1392 omni
322 1324 401 1391 vitio
423 1324 532 1389 caret!
576 1322 617 1388 cf.
640 1322 726 1388 Fest.
749 1323 835 1388 351³.
859 1322 951 1390 3482.
998 1325 1132 1402 Quanta
1147 1323 1239 1410 ¹apud
1317 1328 1320 1333 “
1387 1294 1393 1301 ’

3 1432 4 1435 ’
95 1447 244 1513 augures
267 1427 387 1493 silentii
410 1446 488 1492 cura
509 1425 606 1491 fuerit
626 1424 766 1511 perspici
789 1425 864 1492 licet
886 1445 926 1491 ex
947 1426 998 1492 his
1020 1427 1118 1493 locis:
1149 1426 1236 1493 Fest.

94 1531 192 1594 3411.
243 1529 333 1596 Paul.
366 1531 416 1595 64.
448 1549 473 1594 s.
504 1549 533 1594 v.
571 1527 697 1594 caduca
731 1529 887 1613 auspicia.
938 1530 1021 1594 Plin.
1050 1530 1124 1596 Nat.
1155 1529 1238 1595 Hist.
1315 1517 1318 1523 ’

94 1632 174 1716 VII,
198 1634 249 1698 57.
273 1634 327 1718 (cl.
351 1620 421 1698 Val.
445 1632 530 1697 Max.
554 1632 584 1714 1,
611 1634 639 1694 1.
663 1631 692 1695 5.
713 1636 748 1696 et
770 1631 851 1696 Plut.
874 1654 904 1698 v.
927 1632 1025 1698 Marc.
1048 1632 1112 1715 V.).
1155 1631 1237 1697 Plut.

93 1741 226 1818 quaest.
241 1735 333 1806 Rbm.
356 1735 418 1801 vol.
435 1735 494 1800 VH
500 1752 511 1818 ,·
528 1734 600 1798 134.
616 1733 670 1799 R.:
694 1731 752 1797 διά
774 1740 804 1798 τί
825 1739 890 1799 τῶν
911 1739 962 1800 ἐπ’
985 1737 1107 1807 οἰωνοῖς
1129 1735 1239 1820 ἱερέων

93 1859 170 1921 sqq.
194 1837 276 1903 Plut.
300 1859 330 1904 v.
353 1839 481 1905 Numae
505 1838 555 1901 14.
601 1910 604 1916 ,

271 2029 297 2075 c.
321 2009 519 2095 Fragmenta
542 2006 586 2073 ad
608 1982 708 2074 artem
733 2007 915 2092 augurandi
937 2008 1116 2075 referenda.

0 2221 1 2224 Ἴ
190 2146 319 2231 Fragm.
342 2145 444 2211 XVII.
468 2174 509 2198 a
533 2145 622 2210 Serv.
647 2144 691 2209 ad
712 2145 790 2210 Aen.
814 2145 879 2229 IX,
903 2147 968 2211 ab:
999 2145 1086 2211 Sane
1108 2145 1240 2212 chasma

0 2244 2 2249 ’
95 2256 151 2315 est
174 2248 221 2313 ita
243 2249 328 2314 enirn
342 2247 465 2314 Plinius
488 2252 583 2314 vocat
607 2246 762 2331 disruptio
786 2253 818 2312 et
840 2247 973 2330 quidam
987 2250 1068 2315 coeli
1083 2269 1238 2316 recessus.

4 2382 6 2387 ·
93 2353 137 2417 In
170 2351 379 2435 auguralibus
409 2349 500 2415 libris
530 2349 613 2415 inter
646 2354 772 2415 ostenta
809 2350 905 2415 etiam
942 2352 1066 2418 coelum
1103 2351 1240 2419 discissa

95 2454 233 2520 dicitur.

192 2555 268 2622 adn.
291 2577 335 2621 cr.
359 2557 430 2622 sine
448 2555 546 2621 dubio
561 2554 734 2641 legendum
750 2562 799 2622 est
814 2555 1004 2623 discessisse
1020 2556 1087 2622 sive
1102 2556 1241 2625 fortasse

97 2656 211 2726 forma
239 2658 385 2725 breviore
415 2657 591 2742 ,discesse‘
622 2665 656 2724 ut
686 2657 774 2743 apud
802 2657 879 2724 Hor.
909 2679 1003 2725 serm.
1033 2660 1082 2744 11,
1113 2662 1142 2726 3.
1168 2661 1238 2726 169.

1 2783 2 2794 ¹
97 2763 226 2828 divisse
248 2780 307 2846 pro
330 2760 492 2827 divisisse.

1 2855 2 2934 ἶ
193 2858 1239 2951 mmamummfflmflwwomm

1 2987 2 3020 ³
35 3034 40 3039 .
98 2968 264 3036 vocabulo
295 2965 378 3033 caeli
410 2965 573 3031 discessus
603 2964 737 3031 chasma
765 2966 989 3052 appellabatur
1018 2967 1059 3034 cl.
1088 2969 1169 3034 Plin.
1197 2971 1239 3056 11,

99 3073 154 3136 26.
176 3071 227 3134 26.
272 3069 346 3135 Sen.
370 3074 491 3151 quaest.
514 3074 579 3133 nat.
595 3069 621 3154 I,
639 3070 689 3133 14.
729 3067 886 3154 Exempla
909 3070 1067 3153 quaedam
1090 3071 1240 3139 adscribo

1 3187 2 3192 ’
100 3174 177 3240 Liv.
200 3173 307 3257 XXII,
332 3173 360 3235 1.
386 3173 435 3238 18.
480 3169 539 3234 lul.
563 3169 640 3237 Obs.
666 3172 737 3234 112.
781 3172 863 3238 Plut.
886 3192 916 3238 v.
941 3172 1066 3240 Luculli
1089 3175 1118 3240 8.
1170 3226 1172 3231 ,

48 3304 55 3315 ·
192 3275 322 3359 Fragm.
345 3273 455 3339 XVIII
463 3300 520 3328 ·=
542 3272 631 3339 Serv.
660 3273 704 3353 ad
730 3276 978 3357 Aen.1,398.:
1015 3276 1105 3342 multi
1132 3284 1241 3344 tamen

6 3465 7 3468 ¹
101 3384 256 3444 asserunt
285 3395 405 3462 cycnos
434 3376 518 3441 inter
547 3377 719 3459 augurales
754 3397 832 3443 aves
867 3398 933 3444 non
966 3378 1105 3444 inveniri
1139 3400 1242 3463 neque

4 3499 5 3502 ’
100 3480 317 3565 auguralibus
348 3478 585 3545 commentariis
623 3499 731 3545 eorum
766 3499 883 3546 nomen
919 3480 1053 3546 illatum.
1092 3482 1171 3548 ¹Sed
1207 3484 1241 3548 in

7 3575 10 3608 ⁵
99 3582 197 3649 libris
221 3580 395 3648 reconditis
418 3581 533 3647 lectum
556 3601 627 3647 esse
649 3602 746 3669 posse
765 3583 940 3665 quamlibet
955 3603 1047 3650 avem
1062 3584 1242 3670 auspicium

6 3717 9 3732 a
99 3685 253 3753 attestari
275 3685 414 3751 maxime
435 3685 513 3768 quia
534 3705 600 3752 non
621 3687 794 3770 poscatur!

194 3788 348 3853 Attestari
363 3789 403 3853 cf.
417 3789 507 3853 Paul.
524 3810 554 3873 p.
566 3791 615 3851 12.
629 3808 654 3854 s.
665 3810 695 3854 v.
711 3795 863 3855 attestata
878 3795 909 3855 et
920 3788 1009 3856 Serv.
1022 3791 1102 3856 Aen.
1113 3792 1155 3876 Π,
1168 3794 1239 3858 691.

8 3931 9 3934 =
31 3930 40 3941 ·
100 3890 261 3957 Fortasse
283 3888 345 3955 huo
370 3890 531 3956 trahenda
549 3895 597 3955 est
613 3909 653 3956 ea
667 3893 794 3978 species
810 3891 936 3977 augurii
951 3911 1034 3974 quae
1049 3896 1241 3978 ,consensio‘

100 3992 291 4078 appellatur
313 3994 399 4078 apud
416 3993 560 4059 Servium
574 3993 634 4077 III,
652 3997 701 4058 60.
724 4012 915 4077 quamquam
930 3996 1027 4060 etiam
1043 3996 1086 4062 ad
1102 4016 1240 4082 augures

8 4141 9 4144 =
101 4096 177 4163 sive
201 4094 356 4180 pullarios
380 4096 615 4162 consentientes
637 4098 798 4183 pertinere
820 4101 934 4182 potest.

992 4201 1009 4254 3
1017 4201 1032 4232 ²1:
